2512 4034
805 320 1132 374 CONTRA
1174 318 1667 371 KILWARDBY
2100 328 2196 381 107

394 470 505 533 (82)
556 467 689 519 Ibid.
735 466 989 529 Queritur
1003 466 1172 531 Juxta
1210 462 1303 514 boc
1336 472 1516 513 utrum
1556 462 1776 529 quidam
1816 463 1911 529 qui
1946 461 2042 512 sub
2076 471 2197 528 pre-

272 566 412 609 textu
446 557 719 624 religionis
748 556 954 606 vadunt
984 554 1063 604 ad
1092 553 1377 604 sacerdotes
1401 552 1668 618 plebanos,
1696 559 1926 617 petentes
1957 559 2007 601 et
2022 550 2197 616 pacis-

271 656 433 698 centes
471 656 533 698 ut
554 654 837 713 procurent
873 646 948 696 eis
972 644 1258 711 pecuniam
1299 643 1356 693 in
1370 640 1668 708 parrochya
1706 659 1819 703 sua,
1862 641 1940 691 ita
1979 638 2115 706 quod
2151 648 2204 690 et

267 738 524 789 sacerdoti
547 745 818 788 remaneat
827 745 964 802 pars
989 736 1158 798 tertia,
1185 753 1258 785 an
1287 734 1343 784 in
1383 733 1477 784 boc
1509 732 1861 783 committitur
1882 731 2123 796 symonia
2151 740 2203 781 et

271 828 483 879 videtur
505 825 645 894 quod
662 827 746 878 sic.

386 918 501 985 (83)
544 915 682 968 Ibid.
731 915 938 966 Deinde
981 914 1223 980 queritur
1270 913 1407 963 circa
1450 920 1651 963 statum
1696 909 2021 962 sacerdotum
2055 909 2198 976 pleb-

269 1024 492 1057 anorum
531 1014 582 1057 et
611 1004 704 1055 hoc
733 1013 993 1071 quantum
1033 1003 1111 1054 ad
1138 1003 1238 1053 duo
1275 1004 1331 1053 in
1362 1019 1566 1069 genere,
1607 1001 1805 1051 scilicet
1836 1008 2093 1066 quantum
2129 999 2209 1049 ad

270 1095 704 1162 dispensationem
751 1093 1005 1160 baptismi
1053 1101 1104 1143 et
1143 1092 1359 1143 secundo
1404 1100 1664 1158 quantum
1703 1090 1782 1140 ad
1825 1088 2198 1139 absolutionem

256 1184 627 1251 penitentium.
705 1182 859 1235 Circa
872 1183 1118 1249 primum
1145 1183 1245 1232 duo
1271 1190 1565 1248 queruntur
1579 1201 1598 1232 .·
1625 1181 1873 1247 primum
1896 1187 1972 1229 est
1994 1179 2047 1229 si
2071 1178 2205 1229 nolit

270 1275 500 1340 conferre
525 1273 847 1340 baptismum
875 1273 963 1323 vel
983 1272 1143 1322 aliud
1159 1279 1548 1323 sacramentum
1578 1271 1689 1321 nisi
1714 1270 1990 1332 mediante,
2019 1277 2201 1318 utrum

269 1364 450 1414 debeat
471 1363 578 1415 sibi
600 1363 728 1413 dari
751 1371 801 1414 et
825 1361 1038 1413 vz‘a'etur
1053 1362 1195 1428 quod
1212 1360 1322 1413 sic.1

348 1449 499 1521 ³¹⁶(84)
567 1453 655 1506 fol.
729 1464 810 1517 53.
869 1452 967 1504 col.
1031 1466 1078 1505 2.
1144 1452 1399 1515 Queritur
1458 1450 1675 1502 secundo
1738 1451 1801 1501 de
1863 1449 2207 1516 baptisatione

275 1543 501 1593 monstri
574 1543 831 1593 nascentis
907 1559 1025 1592 cum
1094 1542 1290 1592 duobus
1375 1541 1645 1608 capitibus,
1715 1540 1946 1607 qualiter
2026 1537 2207 1589 debeat

272 1632 552 1699 baptizari,
604 1640 785 1683 utrum
836 1633 971 1682 sicut
1008 1649 1146 1682 unus
1195 1640 1293 1682 aut
1342 1632 1481 1682 sicut
1516 1631 1615 1681 duo
1670 1639 1720 1681 et
1781 1629 1992 1680 videtur
2069 1628 2211 1694 quod

262 1722 401 1773 sicut
423 1723 538 1774 du0.

383 1814 472 1879 ὃ16(8
482 1814 534 1880 5)
593 1812 731 1864 Ibid.
805 1812 1061 1875 Queritur
1073 1812 1134 1862 de
1150 1812 1472 1862 absolutione
1478 1810 1843 1877 penitentium,
1861 1809 2009 1860 verbi
2013 1809 2205 1875 gratia

266 1919 383 1953 cum
400 1903 495 1969 qui
494 1903 661 1968 plura
667 1911 880 1968 peccata
894 1902 1166 1965 commisit,
1184 1919 1404 1968 quorum
1425 1902 1680 1952 nonnulla
1694 1909 1922 1968 spectant
1938 1900 2016 1950 ad
2025 1899 2207 1967 epsico-

259 2001 407 2057 pum,
447 2000 628 2042 utrum
666 1992 900 2043 sacerdos
924 1992 1098 2058 possit
1133 2010 1251 2042 eum
1292 1992 1554 2042 absolvere
1592 2010 1626 2042 a
1664 1990 2010 2057 spectantibus
2035 1989 2113 2040 ad
2139 2005 2205 2051 se,

266 2097 366 2131 non
395 2099 513 2132 eum
539 2081 606 2132 ab
630 2082 763 2132 aliis
786 2082 1106 2145 absolvendO,
1133 2091 1183 2132 et
1206 2082 1419 2132 videtur
1441 2081 1582 2148 quod
1599 2082 1690 2134 sic.

386 2172 502 2239 (86)
544 2171 635 2224 fol.
684 2182 769 2236 53,
809 2172 911 2225 col.
957 2186 1007 2224 2.
1055 2172 1315 2235 Queritur
1339 2172 1477 2222 circa
1516 2180 1715 2222 statum
1744 2171 2206 2237 contemplatorum

270 2271 321 2313 et
357 2270 652 2328 queruntur
687 2260 955 2328 quinque.2
1037 2262 1196 2331 [This
1239 2262 1375 2312 ends
1415 2279 1488 2312 on
1534 2262 1622 2314 fol.
1671 2273 1754 2326 54.
1795 2261 1894 2314 col.
1944 2275 1988 2323 Ι,
2030 2262 2205 2312 where

269 2353 315 2402 is
337 2352 431 2403 the
452 2360 582 2402 note
601 2371 619 2403 .·
659 2351 899 2418 Explicit
921 2353 1182 2419 quodlibet
1203 2353 1266 2403 de
1291 2351 1577 2418 naturali.]

391 2440 502 2502 (87)
552 2437 642 2490 fol.
691 2439 776 2503 56.
821 2440 923 2491 col.
975 2454 1019 2491 Ι.
1107 2439 1363 2502 Queritur
1385 2448 1568 2490 utrum
1583 2438 1828 2505 perfectio
1868 2438 2207 2490 ecclesiastica

271 2525 508 2575 consistit
532 2525 590 2576 in
618 2527 968 2576 renunciando
994 2528 1081 2577 vel
1102 2526 1318 2577 carendo
1357 2527 1574 2577 diviciis
1584 2526 1823 2593 propriis
1847 2535 1898 2576 et
1919 2525 2208 2576 communi-

273 2613 368 2664 bus
393 2622 443 2663 et
458 2615 752 2665 ostenditur
774 2616 915 2681 quod
935 2634 1049 2668 non.

390 2705 501 2767 (88)
551 2703 637 2755 sol.
684 2715 767 2772 59,
809 2706 911 2757 col.
959 2719 1006 2769 3.
1094 2706 1351 2768 Queritur
1387 2715 1570 2757 utrum
1629 2706 1845 2772 aliquid
1884 2705 2090 2769 factum
2133 2705 2213 2755 sit

270 2793 356 2843 vel
364 2793 496 2861 fieri
505 2793 686 2858 potuit
726 2798 960 2857 [erasure
977 2796 1209 2861 perhaps
1228 2795 1497 2861 infectum]
1528 2796 1845 2846 ordinaliter
1857 2804 1906 2846 et
1919 2795 2213 2845 ostenditur

268 2882 408 2948 quod
453 2899 568 2944 non,
622 2883 750 2948 quia
801 2892 923 2934 teste
948 2884 1240 2952 seronimO,
1283 2903 1401 2936 cum
1441 2887 1590 2936 Deus
1626 2886 1806 2937 omnia
1845 2886 2031 2952 possit,
2106 2903 2209 2935 non

258 2980 430 3038 potest
447 2980 622 3021 tamen
641 2982 935 3038 corruptam
938 2974 1121 3038 facere
1139 2975 1421 3042 virginem,
1441 2977 1538 3026 sed
1552 2976 1727 3026 maior
1742 2984 1819 3026 est
1849 2975 2207 3026 convenientia

268 3061 404 3112 entis
428 3060 507 3110 ad
525 3077 616 3110 ens
641 3079 802 3127 quam
830 3081 930 3113 non
957 3064 1093 3114 entis
1129 3064 1209 3114 ad
1240 3082 1346 3117 ens.
1432 3065 1476 3116 S
1479 3066 1503 3115 i
1540 3066 1714 3131 igitur
1737 3082 1836 3115 non
1851 3073 2023 3130 potest
2059 3065 2211 3115 Deus

270 3151 332 3202 de
369 3159 610 3217 corrupta
643 3152 820 3213 facere
844 3154 1108 3220 virginem
1135 3155 1461 3218 ordinaliter,
1492 3156 1657 3205 multo
1684 3156 1864 3222 magis
1890 3172 1980 3205 nec
2015 3155 2077 3205 de
2101 3143 2205 3206 non

270 3248 382 3290 ente
418 3257 526 3291 ens.

378 3383 393 3406 1
411 3381 479 3434 Cf.
513 3383 684 3423 Merton
715 3384 825 3424 Coll.
857 3385 938 3425 No.
971 3396 1043 3425 22:
1080 3386 1235 3425 Utrum
1271 3386 1400 3426 liceat
1431 3386 1721 3426 sacerdotibus
1755 3386 1979 3437 pecuniam
2014 3387 2208 3438 accipere

274 3461 351 3501 pro
372 3459 650 3490 sacramento.

379 3517 396 3542 2
410 3517 479 3567 Cf.
509 3518 679 3558 Merton
695 3519 803 3559 Coll.
829 3519 930 3572 (25)·.
955 3524 979 3542 “
998 3520 1154 3560 Utrum
1171 3521 1406 3572 periculum
1428 3521 1483 3561 sit
1499 3520 1796 3561 claustralibus
1812 3521 2035 3561 monachis
2050 3522 2085 3561 si
2102 3534 2205 3561 cura

282 3583 335 3624 ab
355 3597 502 3624 eorum
521 3586 770 3626 officialibus
791 3587 1015 3627 monachis
1034 3588 1296 3640 negligatur:
1330 3588 1415 3641 (26)
1446 3594 1472 3611 ‘⁴
1493 3590 1648 3629 Utrum
1669 3589 1906 3628 monachus
1919 3590 2133 3641 professus
2150 3601 2203 3630 eo

271 3650 363 3702 ipso
387 3665 474 3703 quo
496 3653 714 3705 professus
736 3661 802 3693 est
821 3654 1063 3694 absolvatur
1083 3656 1199 3694 omni
1219 3663 1318 3696 voto
1339 3655 1453 3708 quod
1472 3656 1574 3695 feeit
1597 3655 1640 3694 in
1662 3655 1834 3695 secu10''
1854 3686 1863 3695 .
