2512 4034
372 242 467 303 178
873 274 875 276 -
1154 236 1486 289 PEcHAM

715 381 839 448 Que
865 388 991 432 sunt
1015 381 1171 448 culpe
1198 382 1377 448 preuia
1405 381 1570 432 debes
1599 397 1884 447 precauere
1907 399 1916 442 ;

713 467 810 519 Set
836 468 981 534 quod
1008 485 1081 518 ex
1108 468 1289 533 inopia
1316 467 1470 517 multi
1498 467 1787 533 deliquere,

714 553 877 605 Sacra
903 570 997 619 per
1022 553 1234 619 eloquia
1261 554 1458 618 poteris
1486 552 1684 603 habere
1705 568 1716 614 3

716 639 862 705 Ergo
888 639 955 688 de
972 642 988 671 1
1016 640 1236 705 penuria
1253 636 1270 665 2
1299 655 1409 689 non
1438 638 1604 690 debes
1632 638 1884 704 gaudere.

715 752 733 783 3
751 753 981 820 Copiam
1009 755 1101 820 qui
1117 754 1138 783 4
1162 752 1333 804 noluit
1359 770 1531 819 neque
1559 761 1955 819 paupertatem,

368 853 472 906 390
717 840 963 890 Medium
991 839 1084 905 qui
1104 839 1122 868 5
1148 841 1336 901 tenuit,
1365 856 1473 890 non
1501 841 1908 889 extremitatem
1932 857 1944 902 ;

719 924 812 975 Ille
829 925 848 954 6
871 941 1066 975 vanam
1094 924 1276 976 docuit
1303 926 1461 976 huius
1487 925 1786 993 pietatem,7

720 1011 831 1078 Qui
859 1027 954 1077 per
980 1018 1170 1061 votum
1199 1011 1438 1077 respuit8
1463 1029 1682 1064 omnem
1712 1011 2040 1063 facultatem.

720 1125 854 1175 Esse
880 1124 1143 1191 sapientia
1170 1124 1362 1175 melior
1387 1134 1641 1187 censetur,

725 1211 863 1264 Cum
891 1212 1133 1262 excreuit
1158 1211 1339 1272 socia?
1365 1220 1426 1262 ut
1452 1213 1714 1278 scriptum
1742 1211 1976 1262 habetur
1999 1227 2009 1272 ;

718 1296 843 1362 Que
868 1313 998 1364 ergo
1027 1299 1281 1363 preconia
1309 1296 1395 1347 ille
1421 1305 1780 1364 promeretur,

718 1384 828 1450 Qui
856 1385 1083 1436 dimittit
1109 1387 1325 1451 propria
1350 1384 1549 1451 quibus
1577 1387 1871 1437 iuuaretur.

718 1498 760 1528 1⁰
786 1499 901 1549 Iam
923 1497 962 1527 Π
992 1500 1287 1549 intrantem
1323 1500 1594 1549 cernimus
1622 1514 1747 1550 cum
1778 1514 1980 1564 magno
2008 1496 2237 1559 feruore,

717 1584 884 1637 Cuius
914 1586 1115 1636 mensis
1140 1586 1403 1652 septimus
1428 1586 1523 1634 vix
1549 1593 1663 1635 este
1690 1592 1838 1636 meta
1865 1601 2014 1635 more
2032 1600 2044 1646 3
2063 1581 2103 1611 1²

720 1670 810 1721 Ex
838 1669 943 1721 leui
970 1671 1030 1721 fit
1056 1669 1342 1730 achinus‚13
1368 1680 1422 1722 et
1447 1672 1646 1721 vermis
1666 1669 1708 1699 14
1737 1688 1809 1721 ex
1836 1669 1979 1732 flore,

367 1772 475 1822 400
720 1757 794 1807 Et
822 1758 894 1806 sic
915 1755 953 1785 15
987 1773 1131 1807 error
1154 1756 1378 1807 vltimus
1405 1757 1558 1823 peior
1581 1765 1665 1808 est
1693 1758 1882 1823 priore.

478 1887 492 1911 1
509 1899 572 1934 ex,
597 1888 647 1926 A.
1344 1886 1360 1910 2
1378 1886 1538 1938 inopia,
1562 1887 1615 1925 D.

478 1955 560 1994 3A.
583 1953 659 1994 has
670 1954 763 2006 five
785 1953 889 1993 lines
912 1953 1144 2006 beginning
1159 1970 1227 1994 :--

860 2044 1076 2091 Salomon,
1100 2044 1171 2096 qui
1194 2044 1337 2084 docuit
1356 2057 1494 2084 rerum
1515 2043 1753 2084 veritatem.

477 2132 525 2170 S.
545 2135 669 2170 omzts
693 2130 778 2169 this
799 2130 886 2169 and
909 2130 976 2169 the
996 2135 1096 2169 next
1115 2134 1282 2169 stanza.

478 2198 498 2222 4
516 2198 695 2250 Copiam
717 2197 763 2245 si,
790 2198 835 2237 C.
854 2208 863 2244 ;
896 2197 1094 2242 Divitias,
1117 2197 1167 2235 A.
1342 2194 1357 2222 5
1377 2197 1568 2236 Medium
1591 2209 1686 2248 que,
1709 2197 1782 2245 C.;
1814 2197 1870 2236 Et
1891 2196 2096 2244 medium,
2119 2197 2169 2235 A.

481 2265 498 2291 6
513 2266 650 2313 Illam,
675 2266 720 2304 C.

482 2332 498 2358 ⁷
513 2334 628 2385 Ergo
648 2346 802 2372 vanam
825 2333 965 2371 innuit
985 2333 1077 2385 ejus
1096 2332 1329 2380 caritatem,
1353 2334 1403 2373 A.
1421 2347 1431 2381 ;
1455 2332 1533 2372 Ille
1553 2345 1713 2372 vanum
1735 2331 1894 2380 docuit,
1913 2339 1959 2372 vt
1978 2333 2056 2381 vis,
2077 2331 2298 2384 pietatem,

483 2470 499 2496 8
512 2471 664 2518 renuit,
688 2471 738 2509 A.
1339 2469 1355 2494 9
1372 2469 1544 2509 Divitiis
1563 2468 1692 2516 socia,
1716 2471 1767 2508 A.

483 2538 519 2563 1⁰
535 2539 586 2579 A.
611 2539 698 2578 and
721 2539 767 2578 B.
794 2538 921 2577 insert
943 2543 1024 2577 two
1043 2541 1290 2577 stamas:—

812 2626 894 2678 Qui
914 2627 1046 2666 intras
1066 2625 1288 2672 coenobia,
1310 2625 1494 2665 dimissis
1515 2626 1706 2674 terrenis,

813 2695 909 2733 Duo
925 2695 1015 2745 jam
1036 2693 1260 2745 dispendia
1281 2694 1407 2733 facies
1429 2694 1606 2745 egenis;

814 2764 1054 2814 Pauperum
1075 2762 1205 2801 exitia
1221 2761 1410 2812 juvando
1432 2774 1518 2800 non
1541 2760 1664 2808 lenis,

814 2832 1055 2881 Pauperurn
1077 2830 1278 2881 suffragia
1298 2829 1576 2870 distracturus
1597 2831 1733 2876 venis,

813 2899 897 2950 Qui
917 2899 959 2938 in
980 2897 1141 2937 mundo
1161 2897 1329 2948 propria
1350 2897 1481 2936 dabas
1502 2897 1666 2937 alienis.

817 2993 967 3034 Omnis
986 2993 1058 3045 qui
1078 2992 1313 3044 ingreditur
1337 2999 1402 3032 est
1422 2992 1608 3043 prudens
1628 2999 1702 3032 aut
1723 2992 1893 3031 stultus.

816 3060 900 3101 Sed
919 3060 1086 3109 stultus,
1107 3059 1209 3112 quid
1228 3061 1370 3099 nititur
1390 3060 1433 3098 in
1455 3059 1702 3100 claustrales
1723 3061 1860 3099 cultus
1881 3060 1907 3098 ?²

817 3129 879 3168 Ut
897 3129 1028 3168 intrat
1048 3126 1259 3180 egreditur
1280 3127 1334 3167 ad
1353 3128 1512 3178 primos
1533 3127 1727 3167 insultus.

817 3197 934 3236 Talis
953 3208 1136 3235 nascens
1157 3195 1332 3235 moritur
1352 3203 1394 3234 et
1414 3195 1520 3233 vivit
1540 3195 1747 3247 sepultus.

818 3264 943 3316 Quod
963 3264 997 3303 si
1019 3263 1202 3315 prudens
1223 3263 1371 3302 dicitur
1392 3269 1433 3302 et
1454 3263 1583 3302 homo
1604 3262 1843 3309 consultus,

818 3331 864 3371 Si
885 3331 1059 3371 saeculo
1080 3331 1228 3370 sinitur
1247 3331 1409 3369 fructus
1431 3330 1508 3369 erit
1527 3330 1701 3377 multus,

816 3399 931 3453 Vitia
949 3399 1216 3450 persequitur
1237 3405 1279 3437 et
1299 3398 1420 3438 sedat
1440 3398 1674 3444 tumultus;

817 3470 916 3508 Non
937 3474 1079 3507 autem
1099 3467 1305 3509 amittitur
1327 3466 1370 3505 in
1391 3466 1585 3506 claustris
1604 3465 1812 3506 occultus.

495 3557 530 3581 11
546 3556 685 3600 Nunc,
707 3556 757 3594 A.
870 3553 903 3578 12
918 3554 998 3593 Cui
1018 3560 1084 3592 est
1103 3553 1262 3592 mensis
1283 3553 1488 3604 septimus
1509 3559 1625 3591 meta
1644 3564 1746 3591 suae
1766 3563 1922 3598 morae,
1944 3552 1996 3590 A.

492 3624 526 3648 13
542 3623 761 3670 alchimus,
786 3623 833 3662 C.
852 3633 862 3667 ;
891 3622 1069 3667 azimus,
1091 3623 1142 3660 A.
1343 3619 1377 3644 14
1389 3621 1511 3667 veris,
1536 3620 1589 3658 D.
1852 3618 1886 3643 15
1901 3625 2014 3665 tunc,
2036 3619 2087 3657 A.
