2512 4034
780 281 1260 333 TRACTATUS
1307 282 1698 333 PAUPERIS
2131 302 2194 354 25

267 424 370 474 hiis
387 441 491 490 que
508 433 631 476 sunt
652 425 858 475 utiliora
879 427 930 474 in
949 425 1141 475 militia
1158 426 1531 493 ecclesiastica,
1548 427 1742 491 quibus
1762 432 1777 460 1
1800 436 1882 478 est
1900 431 2192 494 predicatio

265 509 411 560 verbi
454 511 557 560 Dei
593 518 648 560 et
687 510 1023 577 quorundam
1063 519 1517 561 sacramentorum
1557 511 1887 577 dispensatio
1929 532 1999 565 ex
2045 534 2189 568 com-

265 595 518 646 missione
544 597 883 663 prelatorum.
964 595 1133 662 Igitur
1154 597 1289 646 sicut
1309 603 1391 646 est
1412 598 1829 647 monasticorum
1851 600 2187 653 solitudinem

264 680 612 746 frequentare,
654 683 727 731 sic
766 681 1030 731 dictorum
1072 681 1354 732 hominum
1395 683 1533 732 inter
1575 680 1819 732 homines
1864 689 2185 749 conversari,

262 767 426 816 etiam
447 775 772 829 peccatoreS.
814 807 823 817 .
864 807 874 817 .
913 807 922 816 .
962 765 1055 816 Ad
1085 779 1153 816 20
1179 767 1468 817 dicendum
1496 767 1641 833 quod
1663 776 1850 818 sancta
1872 772 2187 822 mendicitas

261 852 463 902 nullum
502 851 625 902 facit
664 852 1031 902 simulatorem
1072 851 1156 901 vel
1195 851 1528 902 adulatorem
1568 893 1577 903 .
1624 893 1633 903 .
1675 894 1684 903 .
1723 862 1777 903 et
1814 855 1855 904 si
1895 855 2186 921 aliquando

257 937 422 1003 aliqui
449 937 740 988 vocationis
766 952 858 986 sue
883 936 1032 987 obliti
1058 936 1363 988 huiusmodi
1385 938 1679 989 defectibus
1702 939 2058 1006 implicantur,
2080 959 2187 993 non

258 1032 384 1073 sunt
436 1032 619 1074 tamen
665 1022 807 1072 bona
854 1039 960 1088 que
1005 1021 1137 1072 fiunt
1185 1024 1255 1073 ab
1305 1024 1423 1073 aliis
1475 1024 1782 1077 deserenda.
1827 1067 1835 1076 .
1878 1067 1887 1076 .
1929 1067 1939 1076 .
1984 1027 2077 1076 Ad
2119 1043 2179 1078 21

253 1110 543 1159 dicendum
571 1109 763 1159 eodem
793 1110 959 1159 modo
997 1110 1138 1174 quod
1177 1111 1424 1175 quamvis
1463 1110 1628 1176 aliqui
1669 1128 1739 1161 ex
1778 1112 1853 1161 eis
1895 1113 2187 1179 aliquando

256 1195 462 1245 curiose
489 1195 844 1260 implicentur,
869 1211 978 1244 non
1007 1202 1192 1245 tamen
1233 1203 1360 1245 sunt
1398 1212 1501 1261 que
1539 1197 1606 1246 ad
1651 1197 1856 1247 bonum
1897 1215 2185 1250 commune

253 1280 567 1331 ordinantur
593 1297 686 1346 per
711 1296 769 1329 se
795 1288 1010 1346 propter
1034 1279 1138 1330 hoc
1165 1281 1492 1343 deserenda3
1535 1298 1641 1338 nec
1662 1283 1806 1332 enim
1837 1291 1964 1334 sunt
2002 1285 2185 1351 predia

248 1367 605 1417 ecclesiastica
643 1366 947 1431 pastoribus
976 1366 1197 1417 ecclesie
1223 1366 1515 1417 auferenda
1540 1369 1668 1434 quia
1695 1369 1975 1436 plerique2
2007 1388 2079 1421 ex
2111 1372 2186 1422 eis

251 1451 454 1502 faciunt
480 1452 690 1502 lascivie
716 1452 1088 1503 instrumenta.
1172 1452 1311 1502 Item
1339 1469 1439 1503 nec
1465 1453 1825 1519 vituperanda
1852 1464 1977 1506 sunt
2003 1459 2184 1508 omnia

245 1553 352 1601 que
378 1537 556 1603 lingua
574 1544 830 1604 geruntur
850 1556 862 1600 ;
904 1538 1036 1588 alias
1058 1545 1202 1588 certe
1230 1539 1373 1589 male
1399 1541 1631 1605 gratiam
1660 1541 1943 1606 optulisset
1972 1541 2183 1594 Eliseus

250 1621 518 1673 Sunamiti
558 1622 702 1690 [IV.]
747 1623 881 1689 Reg.
910 1639 944 1687 4
1002 1627 1069 1684 [V.
1107 1624 1206 1690 13].
1246 1665 1255 1674 .
1297 1667 1306 1676 .
1346 1666 1356 1675 .
1407 1624 1518 1676 Sed
1547 1626 1735 1677 dicunt
1773 1643 1908 1692 quos
1934 1628 2181 1694 exagitat

243 1708 460 1773 spiritus
487 1709 687 1758 invidie
714 1709 861 1775 quod
899 1725 1009 1758 non
1047 1711 1283 1776 pertinet
1321 1711 1390 1760 ad
1418 1711 1698 1777 religiosos
1726 1712 1853 1763 talia
1880 1730 2176 1779 procurare,

242 1795 395 1858 quasi
422 1794 579 1846 simul
606 1795 855 1845 vovendo
882 1813 937 1845 se
964 1795 1159 1846 divinis
1184 1796 1455 1863 obsequiis
1495 1798 1652 1848 simul
1681 1799 1927 1850 voverint
1965 1818 2021 1850 se
2047 1818 2181 1852 nun-

241 1896 409 1944 quam
437 1882 698 1947 proximis
724 1881 1045 1947 profuturOS.
1086 1923 1097 1934 .
1140 1923 1151 1934 .
1190 1924 1200 1934 .

240 2072 379 2124 CAP.
413 2075 660 2127 IX.—-ln
687 2094 783 2142 quo
796 2079 1058 2143 probatur
1078 2082 1217 2144 quod
1228 2079 1534 2130 huiusmodi
1542 2089 1805 2145 pauperes
1825 2099 1923 2131 non
1943 2091 2183 2132 tenentur

819 2167 997 2215 vivere
1019 2168 1082 2217 de
1106 2166 1281 2217 labore
1315 2183 1592 2218 manuum.

1004 2312 1396 2373 (EXTRACTS.)

347 2431 596 2497 [Twelve
643 2447 952 2503 arguments
1000 2440 1066 2503 of
1111 2443 1134 2463 “
1153 2439 1428 2504 impudent
1474 2456 1591 2489 men
1610 2438 1636 2458 ”
1686 2456 1780 2490 are
1829 2442 2024 2491 recz'ted
2064 2443 2181 2492 and

237 2521 548 2570 ans-mered:
591 2531 813 2573 extracts
840 2524 994 2587 from
1040 2524 1123 2574 tlze
1165 2523 1353 2589 εῑξβιῑίῑ,
1398 2525 1548 2575 m'ntlz
1592 2527 1708 2575 and
1740 2525 1879 2576 tentlz
1918 2544 2014 2576 are
2054 2527 2174 2577 ltere

225 2604 448 2672 gzvens]
490 2606 742 2671 Arguunt
768 2610 911 2657 enim
939 2610 1014 2659 sic
1053 2650 1062 2660 .
1101 2650 1110 2659 .
1149 2651 1160 2661 .
1207 2613 1277 2672 (8)
1325 2610 1464 2660 Item
1493 2610 1833 2676 Augustinus
1874 2629 1968 2678 per
1993 2621 2171 2663 totum

237 2690 428 2740 librum
474 2692 544 2741 de
586 2709 747 2759 opere
792 2696 1180 2747 monachorum
1227 2697 1359 2746 dicit
1405 2698 1548 2762 quod
1592 2698 1843 2748 monachi
1889 2699 1959 2749 ad
2005 2716 2170 2765 opera

235 2778 505 2827 manualia
532 2787 654 2828 sunt
680 2782 897 2831 astricti.
939 2822 950 2832 .
997 2822 1008 2833 .
1051 2821 1061 2830 .
1105 2782 1184 2849 (9)
1226 2783 1368 2833 Item
1398 2782 1724 2834 Benedictus
1751 2785 1806 2833 in
1835 2784 2020 2849 regula
2046 2801 2169 2834 sua:

235 2861 388 2912 Tunc
426 2864 533 2913 veri
575 2866 823 2916 monachi
863 2876 987 2918 sunt
1024 2870 1068 2918 si
1109 2869 1176 2919 de
1220 2885 1381 2935 opere
1423 2886 1682 2920 manuum
1728 2886 1942 2920 suarum
1983 2871 2170 2922 vivant

232 2949 369 2998 sicut
414 2959 592 3015 patres
637 2953 804 3002 nostri
847 2954 1092 3019 apostoli.
1174 2958 1281 3016 (Io)
1332 2955 1472 3005 Item
1518 2955 1706 3006 beatus
1752 2956 2067 3006 Franciscus
2111 2957 2166 3006 in

232 3035 415 3099 regula
453 3052 575 3088 sua:
622 3037 833 3087 Fratres
873 3038 1065 3105 quibus
1105 3040 1256 3090 dedit
1299 3040 1565 3091 Dominus
1603 3043 1833 3107 gratiam
1881 3042 2165 3093 laborandi

229 3118 389 3186 [ete.].
435 3164 443 3173 .
490 3163 500 3172 .
544 3163 553 3173 .
598 3122 927 3188 Responsio:
991 3124 1172 3175 Labor
1222 3126 1509 3192 corporalis
1559 3144 1665 3177 non
1719 3135 1799 3178 est
1848 3128 1917 3177 de
1967 3145 2061 3194 per
2109 3146 2166 3179 se

228 3205 487 3271 eligendis
512 3225 607 3258 nec
634 3208 701 3259 de
728 3226 820 3275 per
845 3227 903 3259 se
929 3209 1083 3261 bonis
1110 3229 1204 3262 nec
1232 3212 1301 3262 de
1328 3230 1422 3278 per
1449 3230 1506 3262 se
1533 3214 1784 3279 operibus
1811 3214 2164 3280 perfectioniS,

229 3295 486 3357 quoniam
527 3303 607 3345 est
644 3312 782 3361 pena
819 3298 1025 3361 peccati
1066 3299 1322 3365 imposita
1360 3299 1563 3349 homini
1603 3301 2001 3366 transgressori,
2029 3302 2166 3352 sicut

226 3386 381 3443 patet
421 3379 554 3432 Gen.
588 3394 635 3444 3.
717 3380 831 3431 Nec
871 3382 939 3432 de
977 3401 1072 3449 per
1110 3401 1167 3434 se
1202 3385 1451 3450 operibus
1491 3385 1833 3451 perfectionis
1877 3389 2005 3454 quia
2048 3387 2162 3437 eius

228 3466 512 3531 exemplar
538 3483 646 3516 non
676 3468 930 3532 precessit
956 3469 1010 3518 in
1038 3470 1258 3521 homine
1285 3469 1499 3521 Christo
1539 3487 1636 3522 nec
1676 3473 1900 3524 traditur
1937 3473 2007 3524 ab
2046 3473 2164 3539 ipso

653 3613 666 3636 1
688 3613 803 3652 B.M.
827 3613 958 3653 cuius.
1375 3617 1391 3640 ‘2
1412 3616 1530 3655 ΒΜ.
1552 3618 1731 3667 plurimi.
