2512 4034
345 297 412 347 30
1135 274 1465 326 PECHAM

335 427 501 477 etiam
549 422 798 490 precipue
843 421 896 471 in
938 422 1041 471 hoc
1086 419 1307 469 nomine
1359 415 1718 468 includuntur.
1798 415 2020 481 Proprie
2069 423 2256 467 tamen

341 512 559 562 nomine
598 506 960 559 mendicitatis
1000 523 1063 556 ac
1103 502 1457 555 minoritatis1
1500 500 1841 566 distinguitur
1887 500 1972 550 hic
2014 500 2148 551 ordo
2189 501 2258 551 ab

338 595 457 647 aliis
503 595 781 646 ordinibus
823 592 936 643 sive
978 589 1333 657 religionibuS‚
1376 596 1433 639 ut
1478 589 1545 638 de
1590 587 1762 654 pomis
1802 586 1901 637 celi
1941 601 2001 635 ac
2044 602 2162 636 rore
2205 594 2260 637 et

341 684 520 734 abisso
556 680 860 732 subiacente
897 678 965 727 sit
1001 675 1305 727 benedictio
1342 671 1490 726 eius,2

451 767 602 833 (Cap.
644 765 700 831 i.)
737 760 1041 816 Clarificata
1075 760 1314 811 nominis
1353 758 1561 810 ratione
1605 758 1848 824 sequitur
1891 754 2047 806 flores
2084 756 2261 808 areole

344 853 643 904 describere
662 851 715 900 in
737 865 845 916 qua
864 849 962 898 hec
978 847 1136 897 vinea
1150 846 1169 875 3
1186 845 1596 896 radicatur.—-R
1601 844 1754 911 egula
1772 846 1792 873 4
1811 843 2068 909 siquidem
2084 851 2134 893 et
2147 843 2261 894 vita

327 942 581 1005 flatrum
602 937 865 987 minorum
881 933 972 984 hec
983 942 1070 995 est,
1094 947 1300 983 currere
1310 931 1364 981 in
1382 931 1604 981 odorem
1620 936 2021 994 unguentorum
2039 928 2275 994 sponsi,⁵—

343 1023 678 1090 evangelium
717 1019 949 1070 Domini
977 1018 1145 1068 nostri
1177 1016 1313 1085 sesu
1363 1015 1570 1068 Christi
1608 1016 1892 1078 observare,
1937 1014 2156 1064 vivendo
2206 1014 2261 1062 2'72

345 1109 626 1161 obedientia
676 1106 785 1156 sine
823 1103 1043 1170 proprio
1092 1111 1142 1153 et
1176 1103 1231 1152 in
1275 1101 1525 1152 castitate.
1605 1099 1668 1149 In
1719 1098 2000 1166 evangelio
2049 1106 2228 1149 autem
2245 1097 2264 1127 6

345 1193 601 1263 apostolis
627 1194 736 1242 duo
763 1208 795 1240 a
821 1190 1100 1242 Salvatore
1125 1188 1376 1254 leguntur
1402 1185 1563 1236 fuisse
1588 1185 1980 1247 commendata,
2010 1183 2266 1251 perfectio

348 1282 547 1332 scilicet
573 1279 590 1309 ⁷
652 1276 951 1328 sanctitatis
1022 1282 1076 1324 et
1140 1273 1431 1324 auctoritas
1506 1270 1860 1322 ecclesiastice
1884 1271 1903 1300 S
1967 1270 2263 1337 potestatis.

350 1369 471 1418 Fuit
497 1365 658 1432 igitur
683 1363 911 1413 intentio
937 1361 1078 1411 beati
1108 1360 1153 1410 F
1156 1358 1392 1419 rancisci,
1419 1359 1557 1408 sicut
1595 1358 1772 1419 credo,
1800 1356 1920 1408 filiis
1959 1358 2067 1407 suis
2105 1372 2266 1406 evan-

346 1452 572 1520 gelicam
611 1449 844 1500 indicere
882 1447 1239 1508 sanctitatem,
1263 1444 1433 1496 vitam
1471 1443 1667 1494 scilicet
1704 1442 1901 1494 Christi
1943 1449 1997 1492 et
2035 1441 2269 1507 apostol-
2327 1490 2330 1491 γ

347 1554 514 1598 orum,
540 1544 600 1586 ut
625 1536 822 1602 patitur
841 1535 1075 1583 humana
1094 1531 1394 1590 infirmitaS‚
1417 1529 1727 1591 emulando,
1748 1528 2164 1579 ecclesiasticam
2191 1527 2271 1576 in-

350 1640 508 1690 super
526 1622 546 1651 9
570 1620 942 1671 auctoritatem
971 1634 1078 1668 non
1107 1616 1417 1684 usurpando
1443 1617 1535 1666 sed
1565 1632 1658 1681 pre
1677 1614 1926 1665 omnibus
1954 1612 2268 1675 reverendo,

351 1711 488 1760 sicut
527 1707 594 1758 de
633 1707 749 1773 ipso
786 1705 1023 1757 canitur:
1077 1705 1202 1770 quia
1248 1702 1619 1769 “presbiteros
1662 1700 1874 1751 monuit
1925 1716 2019 1767 pre
2069 1699 2272 1749 cunctis

350 1794 573 1846 revereri
590 1791 679 1843 '’.10
754 1789 919 1857 Quod
960 1797 1140 1840 autem
1192 1790 1259 1840 ad
1305 1789 1515 1856 apicem
1563 1786 1912 1854 perfectionis
1968 1783 2273 1851 evangelice

351 1881 541 1931 fratres
593 1877 896 1928 intenderet
945 1876 1186 1937 invitare,
1239 1882 1387 1942 patet
1438 1891 1531 1940 per
1582 1875 1685 1924 hoc
1737 1873 1882 1939 quod
1934 1871 2171 1938 sequitur
2221 1870 2275 1920 in

349 1965 562 2031 regula:
604 1963 775 2013 [Vallo
812 1964 956 2013 modo
994 1961 1161 2012 licebit
1183 1962 1254 2011 εἰς
1290 1962 1353 2011 de
1389 1962 1492 2011 ista
1534 1960 1776 2026 religione
1813 1958 2042 2010 transire
2063 1957 2101 1986 11
2129 1957 2275 2007 iuxta

356 2051 672 2107 mandatum
698 2049 898 2099 domini
917 2056 1057 2113 pape
1081 2047 1207 2114 quia
1235 2064 1384 2096 nemo
1409 2047 1623 2097 mittens
1660 2062 1881 2095 manum
1918 2043 2000 2094 ad
2029 2052 2277 2094 aratrum

355 2146 404 2189 et
427 2136 680 2203 aspiciens
706 2144 842 2185 retro
858 2132 897 2162 12
925 2142 1081 2198 aptus
1106 2140 1181 2184 est
1208 2149 1363 2198 regno
1390 2131 1508 2182 Dei.
1590 2130 1709 2181 Hec
1735 2131 1879 2181 enim
1919 2130 2052 2180 ratio
2090 2127 2280 2179 frivola

355 2228 494 2274 esset
545 2220 646 2271 nisi
697 2220 766 2270 ad
815 2218 1159 2287 perfectionis
1199 2218 1444 2284 religiose
1461 2215 1500 2245 13
1563 2217 1773 2282 apicem
1825 2216 2015 2266 fratres
2053 2215 2280 2264 invitare

353 2308 674 2359 intendisset
693 2307 763 2370 314
789 2306 920 2357 alias
948 2306 1092 2355 enim
1121 2304 1255 2354 exiri
1281 2310 1463 2370 posset
1491 2319 1599 2353 non
1623 2303 1661 2332 15
1688 2310 1830 2353 retro
1856 2301 2165 2368 aspiciendo
2185 2301 2278 2351 sed

353 2396 425 2446 ‚ad
453 2393 768 2459 ampliorem
798 2390 1181 2457 perfectionem
1207 2389 1526 2442 anhelandO.

471 2479 590 2529 Hec
629 2484 808 2528 autem
849 2477 964 2538 tria,
988 2475 1311 2536 obedientia,
1339 2482 1631 2541 paupertas
1670 2481 1725 2523 et
1763 2472 1998 2534 castitaS,
2038 2472 2091 2522 in
2131 2471 2281 2522 omni

356 2566 612 2631 religione
638 2570 775 2625 sunt,
803 2563 897 2613 sed
923 2578 1031 2612 non
1058 2561 1329 2628 equaliter,
1347 2560 1495 2611 cuius
1512 2568 1695 2611 tamen
1714 2559 2038 2610 contrarium
2060 2557 2280 2624 quidam

356 2667 596 2702 asserere
624 2655 1079 2717 presumpserunt.
1160 2646 1372 2697 Gradus
1398 2648 1542 2697 enim
1570 2651 1651 2695 est
1680 2645 1734 2696 in
1759 2643 2066 2695 obedientia
2086 2644 2155 2694 de
2175 2659 2281 2710 qua

363 2738 538 2788 minus
561 2735 783 2795 videtur,
810 2735 953 2799 quod
982 2733 1059 2782 sic
1092 2738 1257 2799 patet,
1285 2733 1542 2798 quoniam
1571 2730 1884 2797 religionum
1922 2728 2283 2797 possessiones

361 2821 675 2873 habentium
703 2818 1013 2870 obedientia
1039 2825 1243 2869 artatur
1267 2819 1336 2868 ad
1367 2817 1559 2869 locum.
1639 2815 1805 2867 Unde
1844 2813 2201 2866 Bernardus16
2227 2814 2281 2863 in

473 2972 486 2996 1
503 2973 553 3011 Ο.
584 2971 719 3009 ffiditis
738 2981 785 3009 ac
803 2969 1069 3013 minoritatis.
1127 2969 1228 3009 RV.
1259 2968 1513 3008 minoritatis
1534 2979 1584 3007 ac
1612 2966 1746 3006 r''1'1ditis
1769 2965 2070 3018 (mundicitatis
2096 2978 2142 3005 ον
2169 2977 2284 3004 men-

361 3039 596 3090 dicitatis)?
655 3038 823 3078 F.L.M.
854 3037 955 3077 read
973 3037 1242 3077 modicitatis.

474 3108 490 3132 2
506 3108 614 3147 Gen.
635 3108 733 3145 xlix.
755 3117 819 3155 25.
1415 3104 1431 3129 3
1445 3104 1496 3143 O.
1524 3104 1679 3143 vineta.

475 3176 490 3199 4
506 3176 685 3226 Regula,
705 3186 794 3225 cap.
819 3186 854 3213 1.
1410 3173 1425 3197 5
1442 3173 1564 3211 Cant.
1586 3171 1611 3211 i.
1633 3183 1672 3220 3.

475 3243 490 3267 ‘³
507 3242 661 3281 B.V.F.
690 3254 769 3281 om.
787 3248 943 3280 autem.
1410 3238 1426 3264 7
1442 3239 1597 3279 B.V.F.
1625 3237 1834 3277 videlicet.

477 3310 493 3334 S
508 3311 555 3348 F.
585 3309 848 3350 auctoritatis
867 3308 1057 3349 ecclesie.
1405 3306 1422 3331 9
1437 3308 1483 3345 F.
1513 3306 1664 3346 inserts
1682 3318 1769 3357 per.

478 3376 561 3415 101.
581 3377 710 3427 Vesp.
729 3375 906 3427 Antiph.
928 3375 954 3414 i.
1402 3374 1436 3398 11
1452 3373 1620 3414 F.L.M.
1641 3373 1763 3412 exire.
1823 3372 2016 3424 (Regula,
2036 3382 2128 3422 cap.
2150 3369 2208 3421 ii.)

479 3443 516 3468 12
528 3444 579 3482 V.
609 3443 851 3495 respiciens.
1405 3441 1443 3465 13
1457 3441 1507 3479 L.
1530 3439 1786 3491 evangelice.
2265 3448 2271 3450 “

481 3510 516 3534 14
531 3511 581 3549 Ο.
612 3509 870 3549 intenderet:
901 3521 978 3547 om.
1001 3509 1164 3547 fratres.
1405 3507 1441 3531 15
1456 3508 1504 3546 F.
1525 3519 1591 3545 ne.

483 3577 518 3602 16
533 3578 580 3616 Ο.
606 3576 845 3628 Gregorius.
905 3575 1084 3627 (Migne,
1107 3577 1205 3615 Pat.
1226 3575 1327 3615 Lat.
1349 3574 1511 3615 clxxxii.
1536 3573 1642 3625 102.)
