2512 4034
330 297 428 347 104
1121 285 1451 337 PECHAM

441 430 554 495 (46)
596 428 683 478 fol.
737 443 826 492 42,
872 429 969 479 601.
1028 443 1066 479 Ι.
1122 429 1380 491 Queritur
1421 431 1484 479 de
1526 429 1735 480 nomine
1785 428 1962 495 quoad
1999 433 2250 492 quartum

318 525 519 567 statum
547 527 808 583 quantum
835 519 1030 569 scilicet
1053 520 1132 568 ad
1150 527 1353 568 statum
1379 519 1814 587 sanctificationis
1832 518 2072 583 perfecte,
2102 514 2252 564 cuius

320 614 438 655 erat
468 607 620 672 virgo
647 608 888 673 gloriosa
910 615 1034 672 post
1063 607 1349 657 secundam
1387 609 1872 677 sanctificationem,
1907 604 2113 672 quando
2149 621 2249 653 non

317 696 487 745 solum
514 695 741 746 habebat
749 697 998 761 fomitem
1026 698 1252 762 sopitum
1279 698 1376 747 sed
1397 698 1560 747 etiam
1590 697 1930 762 extirpatum.

443 787 555 851 (47)
598 786 733 837 Ibid.
768 786 1023 847 Queritur
1045 787 1109 835 de
1137 785 1346 836 lzomine
1370 788 1546 853 quoad
1563 795 1762 837 statum
1799 786 2060 851 quintum,
2092 799 2254 847 quan-

320 882 433 924 tum
462 876 659 925 scilicet
682 876 760 925 ad
779 884 978 925 statum
1007 876 1231 935 miserie,
1261 877 1316 925 in
1344 895 1441 942 quo
1468 885 1595 927 sunt
1620 876 1812 925 merita
1840 882 1890 923 et
1913 872 2179 922 demerita.

440 966 554 1032 (48)
595 965 681 1015 fol.
711 980 800 1028 42,
829 966 924 1016 601.
957 980 1002 1015 2.
1051 965 1309 1027 Queritur
1344 967 1406 1016 de
1433 967 1638 1016 racione
1676 965 1858 1015 meriti
1881 970 2140 1029 quantum
2182 960 2261 1009 ad

318 1062 532 1116 statum,
564 1055 621 1104 in
650 1073 746 1120 quo
771 1055 966 1104 scilicet
990 1055 1227 1104 consistit
1237 1056 1488 1120 perfectio
1516 1056 1632 1105 vite.

444 1145 559 1210 (49)
603 1143 736 1194 Ibid.
774 1143 1032 1205 Queritur
1055 1145 1118 1194 de
1136 1145 1353 1194 secundo
1360 1146 1659 1210 pertinente
1678 1145 1757 1194 ad
1772 1144 2094 1209 imperfectos
2121 1141 2249 1208 (sic).

319 1233 499 1282 Posito
525 1233 666 1298 quod
685 1234 908 1299 quedam
937 1234 1134 1284 mulier
1164 1234 1366 1284 dederit
1400 1235 1550 1285 {dem
1580 1234 1794 1283 cuidam
1822 1232 1885 1282 de
1913 1229 2253 1282 contrahendo

307 1331 411 1388 per
433 1322 592 1372 verba
617 1323 903 1388 defuturo,
934 1324 1149 1373 carnali
1170 1325 1350 1389 copula
1378 1324 1600 1374 minime
1627 1324 1915 1384 subsecuta,
1929 1330 2111 1388 postea
2144 1338 2254 1370 con-

319 1413 552 1462 traxerit
575 1429 690 1462 cum
719 1413 825 1462 alio
833 1422 936 1478 per
959 1413 1117 1463 verba
1137 1414 1200 1463 de
1212 1415 1453 1478 presenti
1469 1422 1518 1463 et
1543 1421 1805 1463 consumet
1828 1411 2252 1463 matrimonium.
2323 1457 2327 1459 ,

320 1501 565 1551 Moritur
589 1502 802 1552 tandem
831 1503 922 1552 vir
946 1503 1038 1552 ille
1061 1503 1326 1553 secundus.
1412 1503 1669 1565 Queritur
1692 1512 1873 1553 utrum
1907 1510 2148 1552 teneatur
2180 1518 2257 1551 re-

321 1591 438 1641 dire
464 1591 543 1640 ad
548 1592 795 1657 primum
827 1600 877 1641 et
900 1593 1194 1642 ostenditur
1216 1594 1356 1658 quod
1374 1594 1464 1643 sic.

439 1681 555 1747 (50)
597 1681 685 1732 fol.
715 1695 802 1745 42,
827 1683 926 1732 601.
951 1696 995 1746 3.
1030 1682 1290 1744 Queritur
1306 1683 1495 1733 ultimo
1516 1683 1578 1732 de
1596 1691 1739 1733 statu
1762 1682 1973 1732 miserie
1993 1689 2253 1747 quantum

321 1771 399 1820 ad
419 1771 645 1835 culpam.

445 1861 557 1927 (51)
585 1860 671 1912 fol.
701 1875 790 1925 42,
817 1861 915 1913 601.
942 1875 987 1925 3.
1034 1862 1290 1924 Queritur
1306 1864 1368 1912 de
1373 1863 1604 1927 peccatis
1624 1863 1680 1911 in
1719 1862 1936 1927 speciali
1954 1869 2003 1910 et
2020 1861 2262 1926 queritur

322 1950 385 2000 de
423 1949 619 2000 duobus
640 1952 1026 2016 pertinentibus
1052 1953 1131 2003 ad
1160 1952 1458 2018 superbiam
1488 1961 1538 2001 et
1561 1952 1623 2001 de
1660 1951 1855 2001 duobus
1876 1949 2260 2016 pertinentibus

324 2041 403 2090 ad
423 2042 739 2091 avaritiam.

446 2132 559 2197 (52)
601 2131 689 2181 fol.
720 2145 808 2194 42,
836 2131 933 2183 601.
963 2146 1011 2195 4.
1060 2131 1317 2194 Queritur
1338 2131 1401 2181 de
1429 2133 1627 2182 doctore
1641 2140 2031 2198 presumptuoso
2057 2131 2261 2180 docente

325 2220 622 2270 doctrinam
645 2222 1019 2286 perniciosam,
1051 2240 1155 2287 qua
1191 2223 1353 2271 multi
1385 2241 1419 2272 a
1449 2222 1573 2272 bono
1595 2222 1859 2287 proposito
1895 2218 2258 2281 retrahuntur,

326 2318 508 2361 utrum
536 2311 603 2361 ab
631 2311 733 2361 illa
761 2319 1004 2361 teneatur
1027 2312 1270 2361 desistere
1295 2320 1344 2361 et
1367 2312 1606 2376 dampna
1635 2312 1906 2361 restituere
1931 2310 2064 2360 lesis.

447 2405 494 2465 (5
509 2401 560 2467 3)
603 2401 690 2451 fol.
716 2415 802 2464 43,
826 2402 923 2451 601.
957 2416 996 2451 Ι.
1032 2400 1288 2462 Queritur
1305 2401 1367 2450 de
1394 2401 1543 2450 tertio
1565 2409 1746 2451 utrum
1767 2400 2062 2450 dominium
2085 2408 2259 2449 trans-

320 2492 536 2553 feratur
561 2490 617 2539 in
645 2508 825 2541 usura.

448 2580 560 2646 (54)
601 2580 686 2630 fol.
735 2593 822 2643 43,
869 2580 966 2631 601.
1023 2594 1067 2629 2.
1117 2579 1374 2642 Queritur
1422 2588 1605 2630 utrum
1659 2578 1856 2630 liabens
1889 2580 2260 2646 patrimonum

324 2670 583 2737 sufficiens
623 2670 710 2719 vel
748 2669 1049 2737 beneficium
1096 2670 1492 2720 ecclesiasticum
1536 2678 1595 2732 et,
1632 2669 1726 2720 hoc
1765 2671 1938 2730 tacito,
1982 2669 2142 2719 aliud
2181 2669 2268 2718 vel

327 2759 443 2809 alia
477 2760 820 2809 ecclesiastica
855 2759 961 2809 sibi
992 2760 1253 2825 impetrat,
1284 2777 1358 2809 an
1377 2760 1549 2825 possit
1578 2777 1639 2809 ea
1671 2759 1802 2809 bona
1843 2758 2154 2809 conscientia
2187 2774 2262 2807 re—

329 2849 505 2898 tinere.

449 2940 564 3005 (55)
607 2939 693 2990 fol.
722 2952 808 3003 43,
831 2939 928 2989 601.
952 2954 999 3002 4.
1047 2938 1306 3000 Queritur
1322 2939 1383 2988 de
1401 2939 1657 2988 exercitiis
1684 2939 2006 2988 meritorum.

451 3028 563 3094 (56)
606 3028 691 3078 fol.
734 3043 823 3091 44,
865 3028 961 3078 col.
1013 3042 1051 3078 Ι.
1099 3027 1358 3090 Queritur
1392 3030 1453 3078 de
1492 3029 1729 3078 exercitio
1769 3028 1942 3089 latrie‚
1977 3028 2159 3093 primo
2205 3027 2261 3076 in

326 3116 658 3167 observantia
689 3126 941 3178 votorum,
968 3118 1188 3166 secundo
1220 3118 1277 3167 in
1304 3118 1659 3168 decantacione
1684 3118 1906 3167 laudum
1934 3117 2260 3167 divinarum.

451 3210 560 3270 (57)
610 3207 699 3257 fol.
730 3221 819 3269 44,
860 3206 955 3257 col.
987 3220 1032 3257 2.
1080 3206 1338 3268 Queritur
1361 3207 1422 3256 de
1458 3208 1696 3256 exercitio
1736 3208 1894 3257 latrie
1934 3207 1991 3256 in
2017 3205 2265 3256 laudibus

330 3296 544 3358 divinis,
589 3313 751 3361 quare
793 3313 893 3345 non
935 3296 1189 3345 dicuntur
1225 3294 1347 3345 hore
1378 3296 1567 3345 diurne
1600 3297 1738 3346 sicut
1771 3305 2016 3346 nocturne
2038 3305 2140 3360 pro
2181 3294 2263 3343 de-

328 3386 536 3441 functis.

453 3477 562 3537 (58)
618 3473 747 3525 [bid.
796 3474 1054 3536 Queritur
1084 3475 1147 3524 de
1179 3475 1558 3539 comparatione
1595 3475 1838 3537 duorum,
1865 3490 2085 3539 quorum
2125 3490 2263 3522 unus

329 3561 467 3611 sicut
503 3564 766 3627 perfectus
795 3564 959 3629 fugit
1000 3580 1177 3613 omnes
1221 3564 1501 3613 occasiones
1544 3565 1692 3625 mali,
1741 3563 1922 3631 [alter]
1968 3562 2168 3628 ingerit
2209 3579 2262 3612 se

330 3652 602 3701 consorciis
641 3693 649 3702 .
693 3693 702 3703 .
746 3693 755 3702 .
798 3654 917 3717 quis
943 3670 1119 3701 eorum
1149 3653 1326 3718 magis
1353 3653 1612 3702 contineat
1636 3653 1916 3703 meritorie.
