<?xml version="1.0" encoding="UTF-8"?>
<!DOCTYPE html PUBLIC "-//W3C//DTD XHTML 1.0 Transitional//EN"
    "http://www.w3.org/TR/xhtml1/DTD/xhtml1-transitional.dtd">
<html xmlns="http://www.w3.org/1999/xhtml" xml:lang="en" lang="en">
 <head>
  <title>
</title>
<meta http-equiv="Content-Type" content="text/html;charset=utf-8" />
  <meta name='ocr-system' content='tesseract 3.04.00' />
  <meta name='ocr-capabilities' content='ocr_page ocr_carea ocr_par ocr_line ocrx_word'/>
</head>
<body>
  <div class='ocr_page' id='page_1' title='image "./fratrisjohannisp00peck_0141.png"; bbox 0 0 2512 4034; ppageno 0'>
   <div class='ocr_carea' id='block_1_1' title="bbox 789 284 2177 346">
    <p class='ocr_par' dir='ltr' id='par_1_1' title="bbox 789 284 2177 346">
     <span class='ocr_line' id='line_1_1' title="bbox 789 284 2177 346; baseline -0.006 -5"><span class='ocrx_word' id='word_1_1' title='bbox 789 285 1116 341; x_wconf 89' lang='lat' dir='ltr'><strong>CONTRA</strong></span> <span class='ocrx_word' id='word_1_2' title='bbox 1157 284 1655 337; x_wconf 80' lang='lat' dir='ltr'>KILWARDBY</span> <span class='ocrx_word' id='word_1_3' title='bbox 2081 294 2177 346; x_wconf 86' lang='lat'><strong>123</strong></span> 
     </span>
    </p>
   </div>
   <div class='ocr_carea' id='block_1_2' title="bbox 251 427 2200 3224">
    <p class='ocr_par' dir='ltr' id='par_1_2' title="bbox 255 427 2192 1887">
     <span class='ocr_line' id='line_1_2' title="bbox 256 427 2180 498; baseline -0.004 -12"><span class='ocrx_word' id='word_1_4' title='bbox 256 452 453 498; x_wconf 84' lang='lat' dir='ltr'><strong>amare,</strong></span> <span class='ocrx_word' id='word_1_5' title='bbox 496 434 786 484; x_wconf 86' lang='lat' dir='ltr'><strong>instantius</strong></span> <span class='ocrx_word' id='word_1_6' title='bbox 828 432 1081 483; x_wconf 75' lang='lat' dir='ltr'><strong>honorare</strong></span> <span class='ocrx_word' id='word_1_7' title='bbox 1118 439 1169 482; x_wconf 89' lang='lat' dir='ltr'><strong>et</strong></span> <span class='ocrx_word' id='word_1_8' title='bbox 1202 429 1469 480; x_wconf 73' lang='lat' dir='ltr'><strong>humilius</strong></span> <span class='ocrx_word' id='word_1_9' title='bbox 1510 428 1737 479; x_wconf 86' lang='lat' dir='ltr'><strong>revereri</strong></span> <span class='ocrx_word' id='word_1_10' title='bbox 1772 427 2180 492; x_wconf 83' lang='lat' dir='ltr'><strong>debemus.—J0.</strong></span> 
     </span>
     <span class='ocr_line' id='line_1_3' title="bbox 259 517 2181 592; baseline -0.008 -14"><span class='ocrx_word' id='word_1_11' title='bbox 259 527 578 589; x_wconf 87' lang='lat' dir='ltr'><strong>Karissime‚</strong></span> <span class='ocrx_word' id='word_1_12' title='bbox 606 524 894 592; x_wconf 84' lang='lat' dir='ltr'><strong>Virginem</strong></span> <span class='ocrx_word' id='word_1_13' title='bbox 932 522 1225 590; x_wconf 82' lang='lat' dir='ltr'>gloriosam</span> <span class='ocrx_word' id='word_1_14' title='bbox 1266 534 1373 570; x_wconf 93' lang='lat' dir='ltr'><strong>non</strong></span> <span class='ocrx_word' id='word_1_15' title='bbox 1413 525 1493 569; x_wconf 88' lang='lat' dir='ltr'><strong>est</strong></span> <span class='ocrx_word' id='word_1_16' title='bbox 1530 517 1758 568; x_wconf 91' lang='lat' dir='ltr'><strong>dubium</strong></span> <span class='ocrx_word' id='word_1_17' title='bbox 1797 531 1913 566; x_wconf 87' lang='lat' dir='ltr'><strong>esse</strong></span> <span class='ocrx_word' id='word_1_18' title='bbox 1952 524 2181 567; x_wconf 88' lang='lat' dir='ltr'><strong>matrem</strong></span> 
     </span>
     <span class='ocr_line' id='line_1_4' title="bbox 259 604 2178 673; baseline -0.007 -8"><span class='ocrx_word' id='word_1_19' title='bbox 259 613 460 665; x_wconf 87' lang='lat' dir='ltr'><strong>Christi</strong></span> <span class='ocrx_word' id='word_1_20' title='bbox 485 620 540 664; x_wconf 93' lang='lat' dir='ltr'><strong>et</strong></span> <span class='ocrx_word' id='word_1_21' title='bbox 556 611 788 673; x_wconf 86' lang='lat' dir='ltr'><strong>ecclesie,</strong></span> <span class='ocrx_word' id='word_1_22' title='bbox 815 625 939 660; x_wconf 92' lang='lat' dir='ltr'><strong>cum</strong></span> <span class='ocrx_word' id='word_1_23' title='bbox 966 607 1155 658; x_wconf 89' lang='lat' dir='ltr'><strong>eadem</strong></span> <span class='ocrx_word' id='word_1_24' title='bbox 1183 608 1252 657; x_wconf 92' lang='lat' dir='ltr'><strong>sit</strong></span> <span class='ocrx_word' id='word_1_25' title='bbox 1276 614 1452 656; x_wconf 88' lang='lat' dir='ltr'><strong>mater</strong></span> <span class='ocrx_word' id='word_1_26' title='bbox 1477 606 1671 671; x_wconf 90' lang='lat' dir='ltr'><strong>capitis</strong></span> <span class='ocrx_word' id='word_1_27' title='bbox 1697 612 1752 655; x_wconf 90' lang='lat' dir='ltr'><strong>et</strong></span> <span class='ocrx_word' id='word_1_28' title='bbox 1779 604 2145 656; x_wconf 90' lang='lat' dir='ltr'><strong>membrorum</strong></span> <span class='ocrx_word' id='word_1_29' title='bbox 2165 619 2178 662; x_wconf 82' lang='lat'><em>3</em></span> 
     </span>
     <span class='ocr_line' id='line_1_5' title="bbox 257 690 2183 763; baseline -0.005 -14"><span class='ocrx_word' id='word_1_30' title='bbox 257 715 356 751; x_wconf 88' lang='lat' dir='ltr'><strong>nec</strong></span> <span class='ocrx_word' id='word_1_31' title='bbox 383 707 465 750; x_wconf 90' lang='lat' dir='ltr'><strong>est</strong></span> <span class='ocrx_word' id='word_1_32' title='bbox 492 698 716 751; x_wconf 92' lang='lat' dir='ltr'><strong>dubium</strong></span> <span class='ocrx_word' id='word_1_33' title='bbox 755 697 887 763; x_wconf 91' lang='lat' dir='ltr'><strong>quin</strong></span> <span class='ocrx_word' id='word_1_34' title='bbox 927 701 1099 745; x_wconf 89' lang='lat' dir='ltr'><strong>mater</strong></span> <span class='ocrx_word' id='word_1_35' title='bbox 1136 695 1206 744; x_wconf 92' lang='lat' dir='ltr'><strong>sit</strong></span> <span class='ocrx_word' id='word_1_36' title='bbox 1242 692 1473 743; x_wconf 89' lang='lat' dir='ltr'><strong>sollicita</strong></span> <span class='ocrx_word' id='word_1_37' title='bbox 1513 708 1611 758; x_wconf 89' lang='lat' dir='ltr'><strong>pro</strong></span> <span class='ocrx_word' id='word_1_38' title='bbox 1650 690 1786 753; x_wconf 81' lang='lat' dir='ltr'><strong>filiis,</strong></span> <span class='ocrx_word' id='word_1_39' title='bbox 1825 693 1957 758; x_wconf 92' lang='lat' dir='ltr'><strong>quin</strong></span> <span class='ocrx_word' id='word_1_40' title='bbox 1996 690 2183 754; x_wconf 90' lang='lat' dir='ltr'><strong>regina</strong></span> 
     </span>
     <span class='ocr_line' id='line_1_6' title="bbox 258 776 2184 845; baseline -0.005 -9"><span class='ocrx_word' id='word_1_41' title='bbox 258 786 448 836; x_wconf 87' lang='lat' dir='ltr'><strong>mundi</strong></span> <span class='ocrx_word' id='word_1_42' title='bbox 474 787 544 837; x_wconf 89' lang='lat' dir='ltr'><strong>sit</strong></span> <span class='ocrx_word' id='word_1_43' title='bbox 569 784 768 835; x_wconf 88' lang='lat' dir='ltr'><strong>devota</strong></span> <span class='ocrx_word' id='word_1_44' title='bbox 788 781 806 810; x_wconf 79' lang='lat'>1</span> <span class='ocrx_word' id='word_1_45' title='bbox 835 780 1066 833; x_wconf 92' lang='lat' dir='ltr'><strong>subditis</strong></span> <span class='ocrx_word' id='word_1_46' title='bbox 1107 780 1229 840; x_wconf 81' lang='lat' dir='ltr'><strong>suiS‚</strong></span> <span class='ocrx_word' id='word_1_47' title='bbox 1258 794 1357 844; x_wconf 91' lang='lat' dir='ltr'><strong>pro</strong></span> <span class='ocrx_word' id='word_1_48' title='bbox 1383 794 1620 845; x_wconf 93' lang='lat' dir='ltr'><strong>quorum</strong></span> <span class='ocrx_word' id='word_1_49' title='bbox 1649 776 1988 844; x_wconf 89' lang='lat' dir='ltr'><strong>procuranda</strong></span> <span class='ocrx_word' id='word_1_50' title='bbox 2014 776 2184 826; x_wconf 90' lang='lat' dir='ltr'><strong>salute</strong></span> 
     </span>
     <span class='ocr_line' id='line_1_7' title="bbox 258 861 2185 932; baseline -0.006 -9"><span class='ocrx_word' id='word_1_51' title='bbox 258 881 463 923; x_wconf 92' lang='lat' dir='ltr'><strong>certum</strong></span> <span class='ocrx_word' id='word_1_52' title='bbox 488 878 570 922; x_wconf 90' lang='lat' dir='ltr'><strong>est</strong></span> <span class='ocrx_word' id='word_1_53' title='bbox 596 887 717 922; x_wconf 91' lang='lat' dir='ltr'><strong>eam</strong></span> <span class='ocrx_word' id='word_1_54' title='bbox 745 868 1041 920; x_wconf 86' lang='lat' dir='ltr'><strong>obtinuisse</strong></span> <span class='ocrx_word' id='word_1_55' title='bbox 1067 865 1382 917; x_wconf 90' lang='lat' dir='ltr'><strong>universalis</strong></span> <span class='ocrx_word' id='word_1_56' title='bbox 1410 866 1619 932; x_wconf 87' lang='lat' dir='ltr'><strong>imperii</strong></span> <span class='ocrx_word' id='word_1_57' title='bbox 1647 863 1923 916; x_wconf 89' lang='lat' dir='ltr'><strong>diadema.</strong></span> <span class='ocrx_word' id='word_1_58' title='bbox 1988 861 2185 927; x_wconf 83' lang='lat' dir='ltr'><strong>Diligit</strong></span> 
     </span>
     <span class='ocr_line' id='line_1_8' title="bbox 259 946 2185 1023; baseline -0.007 -13"><span class='ocrx_word' id='word_1_59' title='bbox 259 967 442 1010; x_wconf 88' lang='lat' dir='ltr'><strong>autem</strong></span> <span class='ocrx_word' id='word_1_60' title='bbox 468 957 588 1008; x_wconf 91' lang='lat' dir='ltr'><strong>illos</strong></span> <span class='ocrx_word' id='word_1_61' title='bbox 612 955 858 1023; x_wconf 79' lang='lat' dir='ltr'><strong>ampliu5‚</strong></span> <span class='ocrx_word' id='word_1_62' title='bbox 884 969 1021 1021; x_wconf 90' lang='lat' dir='ltr'><strong>quos</strong></span> <span class='ocrx_word' id='word_1_63' title='bbox 1048 952 1199 1003; x_wconf 89' lang='lat' dir='ltr'><strong>novit</strong></span> <span class='ocrx_word' id='word_1_64' title='bbox 1225 968 1345 1002; x_wconf 91' lang='lat' dir='ltr'><strong>esse</strong></span> <span class='ocrx_word' id='word_1_65' title='bbox 1372 951 1483 1002; x_wconf 88' lang='lat' dir='ltr'><strong>filio</strong></span> <span class='ocrx_word' id='word_1_66' title='bbox 1509 968 1605 1002; x_wconf 90' lang='lat' dir='ltr'><strong>suo</strong></span> <span class='ocrx_word' id='word_1_67' title='bbox 1631 952 1871 1011; x_wconf 83' lang='lat' dir='ltr'><strong>carioreS‚</strong></span> <span class='ocrx_word' id='word_1_68' title='bbox 1898 965 2020 1001; x_wconf 90' lang='lat' dir='ltr'><strong>cum</strong></span> <span class='ocrx_word' id='word_1_69' title='bbox 2047 946 2185 998; x_wconf 88' lang='lat' dir='ltr'><strong>filius</strong></span> 
     </span>
     <span class='ocr_line' id='line_1_9' title="bbox 258 1034 2190 1106; baseline -0.006 -10"><span class='ocrx_word' id='word_1_70' title='bbox 258 1061 388 1097; x_wconf 90' lang='lat' dir='ltr'><strong>suus</strong></span> <span class='ocrx_word' id='word_1_71' title='bbox 404 1045 476 1096; x_wconf 88' lang='lat' dir='ltr'><strong>sit</strong></span> <span class='ocrx_word' id='word_1_72' title='bbox 491 1044 628 1095; x_wconf 91' lang='lat' dir='ltr'><strong>ratio</strong></span> <span class='ocrx_word' id='word_1_73' title='bbox 646 1043 875 1094; x_wconf 89' lang='lat' dir='ltr'><strong>materni</strong></span> <span class='ocrx_word' id='word_1_74' title='bbox 893 1041 1108 1093; x_wconf 79' lang='lat' dir='ltr'><strong>amoris,</strong></span> <span class='ocrx_word' id='word_1_75' title='bbox 1183 1038 1240 1090; x_wconf 87' lang='lat' dir='ltr'><strong>Si</strong></span> <span class='ocrx_word' id='word_1_76' title='bbox 1268 1054 1399 1106; x_wconf 91' lang='lat' dir='ltr'><strong>ergo</strong></span> <span class='ocrx_word' id='word_1_77' title='bbox 1426 1047 1598 1090; x_wconf 89' lang='lat' dir='ltr'><strong>mater</strong></span> <span class='ocrx_word' id='word_1_78' title='bbox 1618 1044 1700 1088; x_wconf 90' lang='lat' dir='ltr'><strong>est</strong></span> <span class='ocrx_word' id='word_1_79' title='bbox 1719 1036 1964 1088; x_wconf 90' lang='lat' dir='ltr'><strong>omnium</strong></span> <span class='ocrx_word' id='word_1_80' title='bbox 1996 1034 2190 1086; x_wconf 90' lang='lat' dir='ltr'><strong>electo-</strong></span> 
     </span>
     <span class='ocr_line' id='line_1_10' title="bbox 259 1123 2185 1194; baseline -0.005 -11"><span class='ocrx_word' id='word_1_81' title='bbox 259 1148 393 1192; x_wconf 87' lang='lat' dir='ltr'><strong>rum,</strong></span> <span class='ocrx_word' id='word_1_82' title='bbox 433 1136 608 1182; x_wconf 90' lang='lat' dir='ltr'><strong>mater</strong></span> <span class='ocrx_word' id='word_1_83' title='bbox 632 1136 714 1180; x_wconf 90' lang='lat' dir='ltr'><strong>est</strong></span> <span class='ocrx_word' id='word_1_84' title='bbox 750 1135 804 1179; x_wconf 92' lang='lat' dir='ltr'><strong>et</strong></span> <span class='ocrx_word' id='word_1_85' title='bbox 841 1144 999 1180; x_wconf 88' lang='lat' dir='ltr'><strong>causa</strong></span> <span class='ocrx_word' id='word_1_86' title='bbox 1028 1135 1151 1194; x_wconf 92' lang='lat' dir='ltr'><strong>post</strong></span> <span class='ocrx_word' id='word_1_87' title='bbox 1179 1127 1362 1178; x_wconf 89' lang='lat' dir='ltr'><strong>Deum</strong></span> <span class='ocrx_word' id='word_1_88' title='bbox 1390 1124 1701 1176; x_wconf 82' lang='lat' dir='ltr'><strong>immediate</strong></span> <span class='ocrx_word' id='word_1_89' title='bbox 1726 1123 1902 1175; x_wconf 89' lang='lat' dir='ltr'><strong>omnis</strong></span> <span class='ocrx_word' id='word_1_90' title='bbox 1930 1129 2104 1174; x_wconf 90' lang='lat' dir='ltr'><strong>status</strong></span> <span class='ocrx_word' id='word_1_91' title='bbox 2131 1125 2185 1174; x_wconf 92' lang='lat' dir='ltr'><strong>in</strong></span> 
     </span>
     <span class='ocr_line' id='line_1_11' title="bbox 255 1208 2187 1282; baseline -0.005 -13"><span class='ocrx_word' id='word_1_92' title='bbox 255 1217 479 1269; x_wconf 87' lang='lat' dir='ltr'><strong>ecclesia</strong></span> <span class='ocrx_word' id='word_1_93' title='bbox 503 1216 766 1277; x_wconf 81' lang='lat' dir='ltr'><strong>salutariS,</strong></span> <span class='ocrx_word' id='word_1_94' title='bbox 792 1214 945 1266; x_wconf 86' lang='lat' dir='ltr'><strong>iuxta</strong></span> <span class='ocrx_word' id='word_1_95' title='bbox 972 1213 1123 1282; x_wconf 94' lang='lat' dir='ltr'><strong>quod</strong></span> <span class='ocrx_word' id='word_1_96' title='bbox 1158 1212 1408 1263; x_wconf 87' lang='lat' dir='ltr'><strong>inferiora</strong></span> <span class='ocrx_word' id='word_1_97' title='bbox 1435 1228 1530 1279; x_wconf 92' lang='lat' dir='ltr'><strong>per</strong></span> <span class='ocrx_word' id='word_1_98' title='bbox 1556 1210 1735 1262; x_wconf 89' lang='lat' dir='ltr'><strong>media</strong></span> <span class='ocrx_word' id='word_1_99' title='bbox 1763 1210 2051 1261; x_wconf 86' lang='lat' dir='ltr'><strong>ierarchice</strong></span> <span class='ocrx_word' id='word_1_100' title='bbox 2079 1208 2187 1260; x_wconf 91' lang='lat' dir='ltr'><strong>dis-</strong></span> 
     </span>
     <span class='ocr_line' id='line_1_12' title="bbox 259 1297 2187 1371; baseline -0.005 -16"><span class='ocrx_word' id='word_1_101' title='bbox 259 1310 548 1371; x_wconf 88' lang='lat' dir='ltr'><strong>ponuntur.</strong></span> <span class='ocrx_word' id='word_1_102' title='bbox 627 1302 807 1369; x_wconf 79' lang='lat' dir='ltr'><strong>Quare</strong></span> <span class='ocrx_word' id='word_1_103' title='bbox 834 1302 931 1353; x_wconf 90' lang='lat' dir='ltr'><strong>tibi</strong></span> <span class='ocrx_word' id='word_1_104' title='bbox 950 1300 969 1330; x_wconf 77' lang='lat'>2</span> <span class='ocrx_word' id='word_1_105' title='bbox 994 1300 1339 1367; x_wconf 82' lang='lat' dir='ltr'><strong>singulariter</strong></span> <span class='ocrx_word' id='word_1_106' title='bbox 1366 1299 1585 1349; x_wconf 85' lang='lat' dir='ltr'><strong>ascribis</strong></span> <span class='ocrx_word' id='word_1_107' title='bbox 1611 1297 1761 1365; x_wconf 93' lang='lat' dir='ltr'><strong>quod</strong></span> <span class='ocrx_word' id='word_1_108' title='bbox 1788 1304 1871 1348; x_wconf 92' lang='lat' dir='ltr'><strong>est</strong></span> <span class='ocrx_word' id='word_1_109' title='bbox 1896 1311 2187 1347; x_wconf 92' lang='lat' dir='ltr'><strong>commune</strong></span> 
     </span>
     <span class='ocr_line' id='line_1_13' title="bbox 256 1381 2191 1456; baseline -0.005 -15"><span class='ocrx_word' id='word_1_110' title='bbox 256 1390 386 1450; x_wconf 79' lang='lat' dir='ltr'><strong>aliis,</strong></span> <span class='ocrx_word' id='word_1_111' title='bbox 402 1405 631 1456; x_wconf 91' lang='lat' dir='ltr'><strong>quorum</strong></span> <span class='ocrx_word' id='word_1_112' title='bbox 647 1387 888 1439; x_wconf 89' lang='lat' dir='ltr'><strong>nonnulli</strong></span> <span class='ocrx_word' id='word_1_113' title='bbox 903 1404 1012 1438; x_wconf 93' lang='lat' dir='ltr'><strong>non</strong></span> <span class='ocrx_word' id='word_1_114' title='bbox 1030 1388 1206 1438; x_wconf 91' lang='lat' dir='ltr'><strong>minus</strong></span> <span class='ocrx_word' id='word_1_115' title='bbox 1223 1386 1467 1454; x_wconf 87' lang='lat' dir='ltr'><strong>preventi</strong></span> <span class='ocrx_word' id='word_1_116' title='bbox 1483 1392 1609 1435; x_wconf 91' lang='lat' dir='ltr'><strong>sunt</strong></span> <span class='ocrx_word' id='word_1_117' title='bbox 1624 1381 2036 1435; x_wconf 86' lang='lat' dir='ltr'><strong>revelationibus</strong></span> <span class='ocrx_word' id='word_1_118' title='bbox 2053 1384 2191 1433; x_wconf 89' lang='lat' dir='ltr'><strong>circa</strong></span> 
     </span>
     <span class='ocr_line' id='line_1_14' title="bbox 258 1470 2190 1540; baseline -0.005 -13"><span class='ocrx_word' id='word_1_119' title='bbox 258 1477 356 1528; x_wconf 91' lang='lat' dir='ltr'><strong>hec</strong></span> <span class='ocrx_word' id='word_1_120' title='bbox 374 1476 609 1527; x_wconf 90' lang='lat' dir='ltr'><strong>divinis?</strong></span> <span class='ocrx_word' id='word_1_121' title='bbox 667 1474 827 1527; x_wconf 85' lang='lat' dir='ltr'><strong>Certe</strong></span> <span class='ocrx_word' id='word_1_122' title='bbox 852 1476 895 1525; x_wconf 91' lang='lat' dir='ltr'><strong>si</strong></span> <span class='ocrx_word' id='word_1_123' title='bbox 922 1474 1021 1526; x_wconf 92' lang='lat' dir='ltr'><strong>tibi</strong></span> <span class='ocrx_word' id='word_1_124' title='bbox 1049 1472 1413 1540; x_wconf 83' lang='lat' dir='ltr'><strong>principaliter</strong></span> <span class='ocrx_word' id='word_1_125' title='bbox 1429 1488 1646 1538; x_wconf 90' lang='lat' dir='ltr'><strong>arroges</strong></span> <span class='ocrx_word' id='word_1_126' title='bbox 1665 1470 1908 1536; x_wconf 85' lang='lat' dir='ltr'><strong>Virginis</strong></span> <span class='ocrx_word' id='word_1_127' title='bbox 1930 1478 1985 1520; x_wconf 86' lang='lat' dir='ltr'><strong>et</strong></span> <span class='ocrx_word' id='word_1_128' title='bbox 2006 1471 2190 1520; x_wconf 86' lang='lat' dir='ltr'><strong>matris</strong></span> 
     </span>
     <span class='ocr_line' id='line_1_15' title="bbox 256 1555 2190 1629; baseline -0.004 -15"><span class='ocrx_word' id='word_1_129' title='bbox 256 1564 501 1615; x_wconf 89' lang='lat' dir='ltr'><strong>omnium</strong></span> <span class='ocrx_word' id='word_1_130' title='bbox 541 1563 916 1629; x_wconf 89' lang='lat' dir='ltr'><strong>principatum,</strong></span> <span class='ocrx_word' id='word_1_131' title='bbox 945 1560 1196 1628; x_wconf 83' lang='lat' dir='ltr'><strong>arrogas3</strong></span> <span class='ocrx_word' id='word_1_132' title='bbox 1222 1561 1385 1610; x_wconf 90' lang='lat' dir='ltr'><strong>etiam</strong></span> <span class='ocrx_word' id='word_1_133' title='bbox 1427 1558 1769 1626; x_wconf 87' lang='lat' dir='ltr'><strong>privilegium</strong></span> <span class='ocrx_word' id='word_1_134' title='bbox 1798 1557 1994 1609; x_wconf 86' lang='lat' dir='ltr'><strong>meriti.</strong></span> <span class='ocrx_word' id='word_1_135' title='bbox 2076 1555 2190 1608; x_wconf 90' lang='lat' dir='ltr'><strong>Ob-</strong></span> 
     </span>
     <span class='ocr_line' id='line_1_16' title="bbox 259 1642 2192 1716; baseline -0.004 -16"><span class='ocrx_word' id='word_1_136' title='bbox 259 1666 409 1700; x_wconf 90' lang='lat' dir='ltr'><strong>secro</strong></span> <span class='ocrx_word' id='word_1_137' title='bbox 436 1648 633 1716; x_wconf 89' lang='lat' dir='ltr'><strong>quibus</strong></span> <span class='ocrx_word' id='word_1_138' title='bbox 659 1648 764 1699; x_wconf 90' lang='lat' dir='ltr'><strong>hoc</strong></span> <span class='ocrx_word' id='word_1_139' title='bbox 791 1647 1042 1715; x_wconf 89' lang='lat' dir='ltr'><strong>operibus</strong></span> <span class='ocrx_word' id='word_1_140' title='bbox 1067 1647 1152 1698; x_wconf 91' lang='lat' dir='ltr'><strong>vel</strong></span> <span class='ocrx_word' id='word_1_141' title='bbox 1179 1647 1347 1697; x_wconf 89' lang='lat' dir='ltr'><strong>etiam</strong></span> <span class='ocrx_word' id='word_1_142' title='bbox 1389 1644 1638 1696; x_wconf 85' lang='lat' dir='ltr'><strong>laudibus</strong></span> <span class='ocrx_word' id='word_1_143' title='bbox 1666 1644 1931 1708; x_wconf 80' lang='lat' dir='ltr'><strong>VirginiS,</strong></span> <span class='ocrx_word' id='word_1_144' title='bbox 1961 1659 2070 1694; x_wconf 91' lang='lat' dir='ltr'><strong>non</strong></span> <span class='ocrx_word' id='word_1_145' title='bbox 2098 1642 2192 1692; x_wconf 93' lang='lat' dir='ltr'><strong>de-</strong></span> 
     </span>
     <span class='ocr_line' id='line_1_17' title="bbox 258 1729 2188 1796; baseline -0.004 -10"><span class='ocrx_word' id='word_1_146' title='bbox 258 1742 471 1787; x_wconf 91' lang='lat' dir='ltr'><strong>curtato</strong></span> <span class='ocrx_word' id='word_1_147' title='bbox 519 1752 551 1785; x_wconf 91' lang='lat' dir='ltr'><strong>a</strong></span> <span class='ocrx_word' id='word_1_148' title='bbox 600 1735 797 1786; x_wconf 89' lang='lat' dir='ltr'><strong>sanctis</strong></span> <span class='ocrx_word' id='word_1_149' title='bbox 848 1735 1100 1785; x_wconf 90' lang='lat' dir='ltr'><strong>instituto</strong></span> <span class='ocrx_word' id='word_1_150' title='bbox 1149 1733 1328 1784; x_wconf 87' lang='lat' dir='ltr'><strong>officio</strong></span> <span class='ocrx_word' id='word_1_151' title='bbox 1377 1730 1717 1783; x_wconf 88' lang='lat' dir='ltr'><strong>declaratur?</strong></span> <span class='ocrx_word' id='word_1_152' title='bbox 1768 1730 1996 1781; x_wconf 91' lang='lat' dir='ltr'><strong>forsitan</strong></span> <span class='ocrx_word' id='word_1_153' title='bbox 2035 1729 2188 1796; x_wconf 93' lang='lat' dir='ltr'><strong>quod</strong></span> 
     </span>
     <span class='ocr_line' id='line_1_18' title="bbox 260 1819 1228 1887; baseline -0.001 -14"><span class='ocrx_word' id='word_1_154' title='bbox 260 1822 540 1873; x_wconf 81' lang='lat' dir='ltr'><strong>subditur4</strong></span> <span class='ocrx_word' id='word_1_155' title='bbox 566 1823 619 1872; x_wconf 91' lang='lat' dir='ltr'><strong>in</strong></span> <span class='ocrx_word' id='word_1_156' title='bbox 646 1820 840 1872; x_wconf 90' lang='lat' dir='ltr'><strong>cedula</strong></span> <span class='ocrx_word' id='word_1_157' title='bbox 867 1819 1228 1887; x_wconf 78' lang='lat' dir='ltr'><strong>respondebis</strong></span> 
     </span>
    </p>

    <p class='ocr_par' dir='ltr' id='par_1_3' title="bbox 251 1903 2200 3224">
     <span class='ocr_line' id='line_1_19' title="bbox 363 1903 2199 1961; baseline -0.003 -2"><span class='ocrx_word' id='word_1_158' title='bbox 363 1909 428 1961; x_wconf 90' lang='lat' dir='ltr'><strong>R.</strong></span> <span class='ocrx_word' id='word_1_159' title='bbox 482 1908 690 1959; x_wconf 81' lang='lat' dir='ltr'><strong>Deinde</strong></span> <span class='ocrx_word' id='word_1_160' title='bbox 746 1908 995 1958; x_wconf 88' lang='lat' dir='ltr'><strong>noveritis</strong></span> <span class='ocrx_word' id='word_1_161' title='bbox 1060 1907 1222 1957; x_wconf 80' lang='lat' dir='ltr'><strong>istum</strong></span> <span class='ocrx_word' id='word_1_162' title='bbox 1277 1906 1513 1956; x_wconf 78' lang='lat' dir='ltr'><strong>ordinem</strong></span> <span class='ocrx_word' id='word_1_163' title='bbox 1566 1905 1799 1955; x_wconf 76' lang='lat' dir='ltr'><strong>similem</strong></span> <span class='ocrx_word' id='word_1_164' title='bbox 1817 1903 1835 1932; x_wconf 83' lang='lat'>⁵</span> <span class='ocrx_word' id='word_1_165' title='bbox 1873 1921 1977 1954; x_wconf 89' lang='lat' dir='ltr'><strong>esse</strong></span> <span class='ocrx_word' id='word_1_166' title='bbox 2030 1903 2199 1953; x_wconf 88' lang='lat' dir='ltr'><strong>statui</strong></span> 
     </span>
     <span class='ocr_line' id='line_1_20' title="bbox 260 1994 2191 2065; baseline -0.003 -15"><span class='ocrx_word' id='word_1_167' title='bbox 260 1999 529 2065; x_wconf 81' lang='lat' dir='ltr'><strong>apostolico</strong></span> <span class='ocrx_word' id='word_1_168' title='bbox 557 2006 607 2048; x_wconf 93' lang='lat' dir='ltr'><strong>et</strong></span> <span class='ocrx_word' id='word_1_169' title='bbox 623 1998 713 2048; x_wconf 90' lang='lat' dir='ltr'><strong>illi</strong></span> <span class='ocrx_word' id='word_1_170' title='bbox 736 2015 888 2064; x_wconf 77' lang='lat' dir='ltr'><strong>quem</strong></span> <span class='ocrx_word' id='word_1_171' title='bbox 920 1997 1179 2049; x_wconf 77' lang='lat' dir='ltr'><strong>Salvator</strong></span> <span class='ocrx_word' id='word_1_172' title='bbox 1203 1997 1513 2046; x_wconf 87' lang='lat' dir='ltr'><strong>incarnatus</strong></span> <span class='ocrx_word' id='word_1_173' title='bbox 1538 1994 1798 2045; x_wconf 88' lang='lat' dir='ltr'><strong>ostendere</strong></span> <span class='ocrx_word' id='word_1_174' title='bbox 1824 1994 2079 2060; x_wconf 58' lang='lat' dir='ltr'><strong>dignatus</strong></span> <span class='ocrx_word' id='word_1_175' title='bbox 2106 2001 2191 2045; x_wconf 88' lang='lat' dir='ltr'><strong>est.</strong></span> 
     </span>
     <span class='ocr_line' id='line_1_21' title="bbox 260 2084 2196 2155; baseline -0.004 -15"><span class='ocrx_word' id='word_1_176' title='bbox 260 2090 346 2140; x_wconf 86' lang='lat' dir='ltr'><strong>De</strong></span> <span class='ocrx_word' id='word_1_177' title='bbox 397 2089 503 2155; x_wconf 75' lang='lat' dir='ltr'><strong>ipso</strong></span> <span class='ocrx_word' id='word_1_178' title='bbox 543 2089 684 2139; x_wconf 81' lang='lat' dir='ltr'><strong>enim</strong></span> <span class='ocrx_word' id='word_1_179' title='bbox 723 2088 974 2154; x_wconf 77' lang='lat' dir='ltr'><strong>scriptum</strong></span> <span class='ocrx_word' id='word_1_180' title='bbox 1016 2096 1092 2138; x_wconf 91' lang='lat' dir='ltr'><strong>est</strong></span> <span class='ocrx_word' id='word_1_181' title='bbox 1111 2107 1129 2139; x_wconf 93' lang='grc'><strong>.·</strong></span> <span class='ocrx_word' id='word_1_182' title='bbox 1171 2085 1370 2153; x_wconf 77' lang='lat' dir='ltr'><strong>“Cepit</strong></span> <span class='ocrx_word' id='word_1_183' title='bbox 1394 2087 1444 2154; x_wconf 89' lang='lat' dir='ltr'><em>J</em></span> <span class='ocrx_word' id='word_1_184' title='bbox 1440 2103 1556 2136; x_wconf 88' lang='lat' dir='ltr'><strong>esus</strong></span> <span class='ocrx_word' id='word_1_185' title='bbox 1580 2085 1854 2151; x_wconf 74' lang='lat' dir='ltr'><strong>predicare</strong></span> <span class='ocrx_word' id='word_1_186' title='bbox 1892 2092 1942 2134; x_wconf 93' lang='lat' dir='ltr'><strong>et</strong></span> <span class='ocrx_word' id='word_1_187' title='bbox 1977 2084 2150 2134; x_wconf 89' lang='lat' dir='ltr'><strong>docere</strong></span> <span class='ocrx_word' id='word_1_188' title='bbox 2169 2102 2196 2143; x_wconf 74' lang='lat'><strong>,-</strong></span> 
     </span>
     <span class='ocr_line' id='line_1_22' title="bbox 256 2173 2194 2245; baseline -0.003 -16"><span class='ocrx_word' id='word_1_189' title='bbox 256 2179 617 2230; x_wconf 66' lang='lat' dir='ltr'><strong>Penitentiatn</strong></span> <span class='ocrx_word' id='word_1_190' title='bbox 660 2179 808 2245; x_wconf 77' lang='lat' dir='ltr'><strong>agite</strong></span> <span class='ocrx_word' id='word_1_191' title='bbox 833 2198 858 2239; x_wconf 81' lang='lat'><strong>‚·</strong></span> <span class='ocrx_word' id='word_1_192' title='bbox 914 2177 1358 2244; x_wconf 73' lang='lat' dir='ltr'><strong>appropinquavit</strong></span> <span class='ocrx_word' id='word_1_193' title='bbox 1374 2177 1393 2207; x_wconf 70' lang='grc'>6</span> <span class='ocrx_word' id='word_1_194' title='bbox 1448 2177 1590 2226; x_wconf 78' lang='lat' dir='ltr'><strong>enim</strong></span> <span class='ocrx_word' id='word_1_195' title='bbox 1646 2192 1869 2242; x_wconf 77' lang='lat' dir='ltr'><strong>regnum</strong></span> <span class='ocrx_word' id='word_1_196' title='bbox 1925 2175 2147 2225; x_wconf 77' lang='lat' dir='ltr'><strong>celorum</strong></span> <span class='ocrx_word' id='word_1_197' title='bbox 2166 2173 2194 2193; x_wconf 80' lang='lat'><strong>&#39;’</strong></span> 
     </span>
     <span class='ocr_line' id='line_1_23' title="bbox 263 2264 2196 2339; baseline -0.004 -18"><span class='ocrx_word' id='word_1_198' title='bbox 263 2269 487 2337; x_wconf 82' lang='lat' dir='ltr'><strong>(Matth.</strong></span> <span class='ocrx_word' id='word_1_199' title='bbox 532 2272 598 2320; x_wconf 91' lang='lat' dir='ltr'><strong>iv.</strong></span> <span class='ocrx_word' id='word_1_200' title='bbox 645 2272 746 2339; x_wconf 90' lang='lat'>17).</span> <span class='ocrx_word' id='word_1_201' title='bbox 788 2269 866 2320; x_wconf 89' lang='lat' dir='ltr'><strong>Et</strong></span> <span class='ocrx_word' id='word_1_202' title='bbox 902 2269 1028 2319; x_wconf 79' lang='lat' dir='ltr'><strong>item</strong></span> <span class='ocrx_word' id='word_1_203' title='bbox 1048 2288 1067 2320; x_wconf 92' lang='grc'><strong>.·</strong></span> <span class='ocrx_word' id='word_1_204' title='bbox 1138 2274 1164 2295; x_wconf 88' lang='grc'>“</span> <span class='ocrx_word' id='word_1_205' title='bbox 1186 2267 1462 2320; x_wconf 80' lang='lat' dir='ltr'><strong>Circuibat</strong></span> <span class='ocrx_word' id='word_1_206' title='bbox 1500 2267 1550 2334; x_wconf 90' lang='lat' dir='ltr'><em>s</em></span> <span class='ocrx_word' id='word_1_207' title='bbox 1548 2283 1664 2316; x_wconf 87' lang='lat' dir='ltr'><strong>esus</strong></span> <span class='ocrx_word' id='word_1_208' title='bbox 1703 2275 1805 2331; x_wconf 70' lang='lat' dir='ltr'><strong>per</strong></span> <span class='ocrx_word' id='word_1_209' title='bbox 1868 2265 2082 2315; x_wconf 89' lang='lat' dir='ltr'><strong>castella</strong></span> <span class='ocrx_word' id='word_1_210' title='bbox 2137 2264 2196 2313; x_wconf 90' lang='lat' dir='ltr'><strong>in</strong></span> 
     </span>
     <span class='ocr_line' id='line_1_24' title="bbox 262 2354 2196 2427; baseline -0.003 -18"><span class='ocrx_word' id='word_1_211' title='bbox 262 2359 481 2410; x_wconf 88' lang='lat' dir='ltr'><strong>circuitu</strong></span> <span class='ocrx_word' id='word_1_212' title='bbox 535 2359 758 2409; x_wconf 89' lang='lat' dir='ltr'><strong>docens’&#39;</strong></span> <span class='ocrx_word' id='word_1_213' title='bbox 814 2359 1003 2427; x_wconf 87' lang='lat' dir='ltr'><strong>(Marc.</strong></span> <span class='ocrx_word' id='word_1_214' title='bbox 1058 2358 1125 2422; x_wconf 87' lang='lat' dir='ltr'><strong>vi,</strong></span> <span class='ocrx_word' id='word_1_215' title='bbox 1199 2359 1273 2426; x_wconf 83' lang='lat'><strong>6).</strong></span> <span class='ocrx_word' id='word_1_216' title='bbox 1328 2358 1445 2424; x_wconf 77' lang='lat' dir='ltr'><strong>Ipse</strong></span> <span class='ocrx_word' id='word_1_217' title='bbox 1495 2374 1692 2423; x_wconf 78' lang='lat' dir='ltr'><strong>quoque</strong></span> <span class='ocrx_word' id='word_1_218' title='bbox 1742 2355 2018 2421; x_wconf 61' lang='lat' dir='ltr'><strong>discipulis</strong></span> <span class='ocrx_word' id='word_1_219' title='bbox 2081 2354 2196 2404; x_wconf 88' lang='lat' dir='ltr'><strong>suis</strong></span> 
     </span>
     <span class='ocr_line' id='line_1_25' title="bbox 262 2444 2198 2517; baseline -0.003 -19"><span class='ocrx_word' id='word_1_220' title='bbox 262 2448 487 2517; x_wconf 70' lang='lat' dir='ltr'><strong>offi‘ciu7n</strong></span> <span class='ocrx_word' id='word_1_221' title='bbox 514 2449 750 2498; x_wconf 76' lang='lat' dir='ltr'><em>instituit</em></span> <span class='ocrx_word' id='word_1_222' title='bbox 772 2449 946 2499; x_wconf 86' lang='lat' dir='ltr'><strong>dicens</strong></span> <span class='ocrx_word' id='word_1_223' title='bbox 964 2468 982 2500; x_wconf 89' lang='lat'><strong>.·</strong></span> <span class='ocrx_word' id='word_1_224' title='bbox 1024 2454 1053 2476; x_wconf 90' lang='lat'><strong>“</strong></span> <span class='ocrx_word' id='word_1_225' title='bbox 1069 2449 1274 2499; x_wconf 87' lang='lat' dir='ltr'><strong>Euntes</strong></span> <span class='ocrx_word' id='word_1_226' title='bbox 1300 2448 1356 2498; x_wconf 89' lang='lat' dir='ltr'><strong>in</strong></span> <span class='ocrx_word' id='word_1_227' title='bbox 1384 2446 1641 2499; x_wconf 79' lang='lat' dir='ltr'><strong>mundum</strong></span> <span class='ocrx_word' id='word_1_228' title='bbox 1656 2446 1926 2512; x_wconf 75' lang='lat' dir='ltr'><strong>predicate</strong></span> <span class='ocrx_word' id='word_1_229' title='bbox 1951 2444 2198 2511; x_wconf 74' lang='lat' dir='ltr'><strong>evangel-</strong></span> 
     </span>
     <span class='ocr_line' id='line_1_26' title="bbox 265 2533 2195 2606; baseline -0.003 -18"><span class='ocrx_word' id='word_1_230' title='bbox 265 2539 380 2588; x_wconf 80' lang='lat' dir='ltr'><strong>ium</strong></span> <span class='ocrx_word' id='word_1_231' title='bbox 397 2537 423 2558; x_wconf 86' lang='lat'><strong>’²</strong></span> <span class='ocrx_word' id='word_1_232' title='bbox 454 2545 504 2587; x_wconf 89' lang='lat' dir='ltr'><strong>et</strong></span> <span class='ocrx_word' id='word_1_233' title='bbox 525 2545 688 2588; x_wconf 90' lang='lat' dir='ltr'><strong>cetera</strong></span> <span class='ocrx_word' id='word_1_234' title='bbox 715 2538 908 2606; x_wconf 90' lang='lat' dir='ltr'><strong>(Marc.</strong></span> <span class='ocrx_word' id='word_1_235' title='bbox 937 2543 1045 2592; x_wconf 82' lang='lat' dir='ltr'><strong>xvi.</strong></span> <span class='ocrx_word' id='word_1_236' title='bbox 1080 2537 1188 2604; x_wconf 86' lang='lat'>15).</span> <span class='ocrx_word' id='word_1_237' title='bbox 1268 2538 1348 2588; x_wconf 89' lang='lat' dir='ltr'><strong>Et</strong></span> <span class='ocrx_word' id='word_1_238' title='bbox 1377 2537 1661 2603; x_wconf 77' lang='lat' dir='ltr'><strong>Apostolus</strong></span> <span class='ocrx_word' id='word_1_239' title='bbox 1705 2536 1871 2586; x_wconf 86' lang='lat' dir='ltr'><strong>dicit:</strong></span> <span class='ocrx_word' id='word_1_240' title='bbox 1894 2540 1920 2561; x_wconf 86' lang='lat'><strong>“</strong></span> <span class='ocrx_word' id='word_1_241' title='bbox 1971 2533 2195 2584; x_wconf 77' lang='lat' dir='ltr'><strong>Posuz·t⁷</strong></span> 
     </span>
     <span class='ocr_line' id='line_1_27' title="bbox 265 2624 2195 2692; baseline -0.003 -14"><span class='ocrx_word' id='word_1_242' title='bbox 265 2628 322 2678; x_wconf 88' lang='lat' dir='ltr'><strong>in</strong></span> <span class='ocrx_word' id='word_1_243' title='bbox 350 2626 496 2677; x_wconf 78' lang='lat' dir='ltr'><strong>nobis</strong></span> <span class='ocrx_word' id='word_1_244' title='bbox 521 2627 737 2678; x_wconf 80' lang='lat' dir='ltr'><strong>verbum</strong></span> <span class='ocrx_word' id='word_1_245' title='bbox 780 2628 1217 2679; x_wconf 72' lang='lat' dir='ltr'><strong>reconciliationis</strong></span> <span class='ocrx_word' id='word_1_246' title='bbox 1243 2628 1269 2647; x_wconf 90' lang='lat'><strong>&#39;&#39;</strong></span> <span class='ocrx_word' id='word_1_247' title='bbox 1313 2627 1583 2678; x_wconf 73' lang='lat' dir='ltr'><strong>obsecrans</strong></span> <span class='ocrx_word' id='word_1_248' title='bbox 1596 2636 1698 2692; x_wconf 77' lang='lat' dir='ltr'><strong>pro</strong></span> <span class='ocrx_word' id='word_1_249' title='bbox 1743 2624 1951 2677; x_wconf 73' lang='lat' dir='ltr'><strong>Christo</strong></span> <span class='ocrx_word' id='word_1_250' title='bbox 1978 2631 2005 2652; x_wconf 89' lang='lat'><strong>“</strong></span> <span class='ocrx_word' id='word_1_251' title='bbox 2026 2640 2195 2673; x_wconf 89' lang='lat' dir='ltr'><strong>recon-</strong></span> 
     </span>
     <span class='ocr_line' id='line_1_28' title="bbox 267 2715 2194 2784; baseline -0.003 -16"><span class='ocrx_word' id='word_1_252' title='bbox 267 2717 537 2768; x_wconf 78' lang='lat' dir='ltr'><strong>ciliamini</strong></span> <span class='ocrx_word' id='word_1_253' title='bbox 572 2717 684 2767; x_wconf 88' lang='lat' dir='ltr'><strong>Deo</strong></span> <span class='ocrx_word' id='word_1_254' title='bbox 701 2716 726 2736; x_wconf 93' lang='lat'><strong>&#39;’</strong></span> <span class='ocrx_word' id='word_1_255' title='bbox 762 2717 920 2780; x_wconf 75' lang='lat' dir='ltr'><strong>Quid,</strong></span> <span class='ocrx_word' id='word_1_256' title='bbox 960 2735 1122 2784; x_wconf 78' lang='lat' dir='ltr'><strong>queso,</strong></span> <span class='ocrx_word' id='word_1_257' title='bbox 1164 2718 1325 2768; x_wconf 90' lang='lat' dir='ltr'><strong>aliud</strong></span> <span class='ocrx_word' id='word_1_258' title='bbox 1341 2717 1491 2782; x_wconf 88' lang='lat' dir='ltr'><strong>facit</strong></span> <span class='ocrx_word' id='word_1_259' title='bbox 1527 2716 1649 2767; x_wconf 90' lang='lat' dir='ltr'><strong>ordo</strong></span> <span class='ocrx_word' id='word_1_260' title='bbox 1675 2715 2065 2781; x_wconf 71' lang='lat' dir='ltr'><strong>predicatorum</strong></span> <span class='ocrx_word' id='word_1_261' title='bbox 2106 2730 2194 2779; x_wconf 79' lang='lat' dir='ltr'><strong>quz</strong></span> 
     </span>
     <span class='ocr_line' id='line_1_29' title="bbox 264 2803 2200 2873; baseline -0.003 -15"><span class='ocrx_word' id='word_1_262' title='bbox 264 2815 416 2858; x_wconf 91' lang='lat' dir='ltr'><strong>tanta</strong></span> <span class='ocrx_word' id='word_1_263' title='bbox 441 2806 773 2857; x_wconf 82' lang='lat' dir='ltr'><strong>solicitudine</strong></span> <span class='ocrx_word' id='word_1_264' title='bbox 797 2808 985 2857; x_wconf 88' lang='lat' dir='ltr'><strong>circuit</strong></span> <span class='ocrx_word' id='word_1_265' title='bbox 995 2807 1320 2873; x_wconf 75' lang='lat' dir='ltr'><strong>predicando</strong></span> <span class='ocrx_word' id='word_1_266' title='bbox 1358 2806 1694 2873; x_wconf 77' lang='lat' dir='ltr'><strong>evangelium</strong></span> <span class='ocrx_word' id='word_1_267' title='bbox 1734 2813 1784 2855; x_wconf 89' lang='lat' dir='ltr'><strong>et</strong></span> <span class='ocrx_word' id='word_1_268' title='bbox 1821 2803 2200 2854; x_wconf 87' lang='lat' dir='ltr'><strong>reconciliando</strong></span> 
     </span>
     <span class='ocr_line' id='line_1_30' title="bbox 251 2891 2192 2963; baseline -0.003 -16"><span class='ocrx_word' id='word_1_269' title='bbox 251 2905 545 2963; x_wconf 81' lang='lat' dir='ltr'><strong>peccatores</strong></span> <span class='ocrx_word' id='word_1_270' title='bbox 561 2897 751 2963; x_wconf 72' lang='lat' dir='ltr'><strong>P—-Jo,</strong></span> <span class='ocrx_word' id='word_1_271' title='bbox 797 2896 1029 2949; x_wconf 90' lang='lat' dir='ltr'><strong>Utinam</strong></span> <span class='ocrx_word' id='word_1_272' title='bbox 1046 2896 1065 2926; x_wconf 74' lang='lat'>8</span> <span class='ocrx_word' id='word_1_273' title='bbox 1110 2898 1362 2947; x_wconf 88' lang='lat' dir='ltr'><strong>circuitus</strong></span> <span class='ocrx_word' id='word_1_274' title='bbox 1409 2896 1705 2946; x_wconf 90' lang='lat' dir='ltr'><strong>multorum</strong></span> <span class='ocrx_word' id='word_1_275' title='bbox 1749 2893 1817 2944; x_wconf 92' lang='lat' dir='ltr'><strong>ad</strong></span> <span class='ocrx_word' id='word_1_276' title='bbox 1860 2892 1992 2943; x_wconf 88' lang='lat' dir='ltr'><strong>nihil</strong></span> <span class='ocrx_word' id='word_1_277' title='bbox 2044 2891 2192 2943; x_wconf 91' lang='lat' dir='ltr'><strong>aliud</strong></span> 
     </span>
     <span class='ocr_line' id='line_1_31' title="bbox 267 2978 2193 3049; baseline -0.004 -14"><span class='ocrx_word' id='word_1_278' title='bbox 267 2986 553 3036; x_wconf 88' lang='lat' dir='ltr'><strong>ordinetur.</strong></span> <span class='ocrx_word' id='word_1_279' title='bbox 657 2983 732 3033; x_wconf 90' lang='lat' dir='ltr'><strong>Et</strong></span> <span class='ocrx_word' id='word_1_280' title='bbox 769 2985 897 3049; x_wconf 88' lang='lat' dir='ltr'><strong>quia</strong></span> <span class='ocrx_word' id='word_1_281' title='bbox 921 2989 1125 3033; x_wconf 89' lang='lat' dir='ltr'><strong>statum</strong></span> <span class='ocrx_word' id='word_1_282' title='bbox 1154 2990 1324 3045; x_wconf 90' lang='lat' dir='ltr'><strong>tuum,</strong></span> <span class='ocrx_word' id='word_1_283' title='bbox 1354 2981 1505 3032; x_wconf 91' lang='lat' dir='ltr'><strong>nullo</strong></span> <span class='ocrx_word' id='word_1_284' title='bbox 1532 2987 1781 3047; x_wconf 84' lang='lat' dir='ltr'><strong>except0‚</strong></span> <span class='ocrx_word' id='word_1_285' title='bbox 1811 2978 2003 3029; x_wconf 84' lang='lat' dir='ltr'><strong>dixisti</strong></span> <span class='ocrx_word' id='word_1_286' title='bbox 2031 2979 2193 3028; x_wconf 89' lang='lat' dir='ltr'><strong>statui</strong></span> 
     </span>
     <span class='ocr_line' id='line_1_32' title="bbox 268 3062 2197 3136; baseline -0.004 -14"><span class='ocrx_word' id='word_1_287' title='bbox 268 3070 465 3124; x_wconf 89' lang='lat' dir='ltr'><strong>Christi</strong></span> <span class='ocrx_word' id='word_1_288' title='bbox 483 3077 538 3121; x_wconf 90' lang='lat' dir='ltr'><strong>et</strong></span> <span class='ocrx_word' id='word_1_289' title='bbox 562 3069 935 3136; x_wconf 87' lang='lat' dir='ltr'><strong>apostolorum</strong></span> <span class='ocrx_word' id='word_1_290' title='bbox 956 3068 1295 3119; x_wconf 87' lang='lat' dir='ltr'><strong>simillimum</strong></span> <span class='ocrx_word' id='word_1_291' title='bbox 1312 3068 1332 3097; x_wconf 82' lang='lat'>9</span> <span class='ocrx_word' id='word_1_292' title='bbox 1348 3068 1630 3118; x_wconf 90' lang='lat' dir='ltr'><strong>videamus</strong></span> <span class='ocrx_word' id='word_1_293' title='bbox 1649 3066 1878 3116; x_wconf 90' lang='lat' dir='ltr'><strong>formam</strong></span> <span class='ocrx_word' id='word_1_294' title='bbox 1911 3062 2197 3129; x_wconf 88' lang='lat' dir='ltr'><strong>legationis</strong></span> 
     </span>
     <span class='ocr_line' id='line_1_33' title="bbox 269 3149 2195 3224; baseline -0.003 -17"><span class='ocrx_word' id='word_1_295' title='bbox 269 3155 578 3224; x_wconf 89' lang='lat' dir='ltr'><strong>apostolice,</strong></span> <span class='ocrx_word' id='word_1_296' title='bbox 598 3155 936 3222; x_wconf 89' lang='lat' dir='ltr'><strong>qualiterque</strong></span> <span class='ocrx_word' id='word_1_297' title='bbox 953 3153 993 3184; x_wconf 68' lang='lat'><strong>1⁰</strong></span> <span class='ocrx_word' id='word_1_298' title='bbox 1012 3153 1257 3205; x_wconf 90' lang='lat' dir='ltr'><strong>Christus</strong></span> <span class='ocrx_word' id='word_1_299' title='bbox 1276 3154 1430 3204; x_wconf 87' lang='lat' dir='ltr'><strong>iverit</strong></span> <span class='ocrx_word' id='word_1_300' title='bbox 1449 3154 1540 3216; x_wconf 92' lang='lat' dir='ltr'><strong>qui</strong></span> <span class='ocrx_word' id='word_1_301' title='bbox 1558 3153 1704 3218; x_wconf 91' lang='lat' dir='ltr'><strong>cepit</strong></span> <span class='ocrx_word' id='word_1_302' title='bbox 1725 3150 1895 3201; x_wconf 88' lang='lat' dir='ltr'><strong>facere</strong></span> <span class='ocrx_word' id='word_1_303' title='bbox 1914 3158 1968 3200; x_wconf 92' lang='lat' dir='ltr'><strong>et</strong></span> <span class='ocrx_word' id='word_1_304' title='bbox 1988 3149 2195 3201; x_wconf 90' lang='lat' dir='ltr'><strong>docere.</strong></span> 
     </span>
    </p>
   </div>
   <div class='ocr_carea' id='block_1_3' title="bbox 380 3291 2080 3550">
    <p class='ocr_par' dir='ltr' id='par_1_4' title="bbox 381 3291 1980 3348">
     <span class='ocr_line' id='line_1_34' title="bbox 381 3291 1980 3348; baseline -0.003 -12"><span class='ocrx_word' id='word_1_305' title='bbox 381 3297 396 3322; x_wconf 80' lang='lat'>1</span> <span class='ocrx_word' id='word_1_306' title='bbox 414 3309 487 3348; x_wconf 90' lang='lat' dir='ltr'><strong>pro</strong></span> <span class='ocrx_word' id='word_1_307' title='bbox 506 3297 699 3344; x_wconf 82' lang='lat' dir='ltr'><strong>subditis,</strong></span> <span class='ocrx_word' id='word_1_308' title='bbox 721 3297 771 3335; x_wconf 90' lang='lat' dir='ltr'><strong>A.</strong></span> <span class='ocrx_word' id='word_1_309' title='bbox 1498 3294 1514 3319; x_wconf 84' lang='lat'>2</span> <span class='ocrx_word' id='word_1_310' title='bbox 1532 3295 1671 3346; x_wconf 83' lang='lat' dir='ltr'><strong>Quare</strong></span> <span class='ocrx_word' id='word_1_311' title='bbox 1692 3304 1794 3344; x_wconf 88' lang='lat' dir='ltr'><strong>ergo</strong></span> <span class='ocrx_word' id='word_1_312' title='bbox 1815 3291 1904 3340; x_wconf 88' lang='lat' dir='ltr'><strong>tibi,</strong></span> <span class='ocrx_word' id='word_1_313' title='bbox 1930 3292 1980 3331; x_wconf 88' lang='lat' dir='ltr'><strong>B.</strong></span> 
     </span>
    </p>

    <p class='ocr_par' dir='ltr' id='par_1_5' title="bbox 380 3358 2080 3481">
     <span class='ocr_line' id='line_1_35' title="bbox 380 3358 2080 3416; baseline -0.004 -12"><span class='ocrx_word' id='word_1_314' title='bbox 380 3364 397 3390; x_wconf 83' lang='grc'>3</span> <span class='ocrx_word' id='word_1_315' title='bbox 411 3376 563 3416; x_wconf 87' lang='lat' dir='ltr'><strong>arroga</strong></span> <span class='ocrx_word' id='word_1_316' title='bbox 583 3364 712 3404; x_wconf 87' lang='lat' dir='ltr'><strong>etiam</strong></span> <span class='ocrx_word' id='word_1_317' title='bbox 732 3363 872 3404; x_wconf 85' lang='lat' dir='ltr'><strong>meriti</strong></span> <span class='ocrx_word' id='word_1_318' title='bbox 893 3362 1174 3415; x_wconf 90' lang='lat' dir='ltr'><strong>privilegium,</strong></span> <span class='ocrx_word' id='word_1_319' title='bbox 1208 3362 1256 3403; x_wconf 89' lang='lat' dir='ltr'><strong>B.</strong></span> <span class='ocrx_word' id='word_1_320' title='bbox 1495 3361 1512 3386; x_wconf 74' lang='lat'>4</span> <span class='ocrx_word' id='word_1_321' title='bbox 1527 3360 1731 3408; x_wconf 89' lang='lat' dir='ltr'><strong>subditur,</strong></span> <span class='ocrx_word' id='word_1_322' title='bbox 1756 3360 1804 3399; x_wconf 92' lang='lat' dir='ltr'><strong>B.</strong></span> <span class='ocrx_word' id='word_1_323' title='bbox 1821 3370 1831 3406; x_wconf 91' lang='lat'>;</span> <span class='ocrx_word' id='word_1_324' title='bbox 1853 3358 2007 3406; x_wconf 87' lang='lat' dir='ltr'><strong>subdit,</strong></span> <span class='ocrx_word' id='word_1_325' title='bbox 2029 3360 2080 3397; x_wconf 92' lang='lat' dir='ltr'><strong>A.</strong></span> 
     </span>
     <span class='ocr_line' id='line_1_36' title="bbox 383 3426 1963 3481; baseline -0.004 -10"><span class='ocrx_word' id='word_1_326' title='bbox 383 3432 400 3457; x_wconf 77' lang='lat'>5</span> <span class='ocrx_word' id='word_1_327' title='bbox 416 3431 633 3481; x_wconf 87' lang='lat' dir='ltr'><strong>simillum,</strong></span> <span class='ocrx_word' id='word_1_328' title='bbox 661 3432 710 3470; x_wconf 92' lang='lat' dir='ltr'><strong>B.</strong></span> <span class='ocrx_word' id='word_1_329' title='bbox 1492 3428 1508 3454; x_wconf 76' lang='lat'><strong>⁶</strong></span> <span class='ocrx_word' id='word_1_330' title='bbox 1521 3426 1889 3481; x_wconf 88' lang='lat' dir='ltr'><strong>appropinquabit,</strong></span> <span class='ocrx_word' id='word_1_331' title='bbox 1913 3427 1963 3466; x_wconf 89' lang='lat' dir='ltr'><strong>B.</strong></span> 
     </span>
    </p>

    <p class='ocr_par' dir='ltr' id='par_1_6' title="bbox 381 3497 1445 3550">
     <span class='ocr_line' id='line_1_37' title="bbox 381 3497 1445 3550; baseline -0.003 -11"><span class='ocrx_word' id='word_1_332' title='bbox 381 3499 462 3539; x_wconf 87' lang='lat' dir='ltr'><strong>⁷A.</strong></span> <span class='ocrx_word' id='word_1_333' title='bbox 493 3500 580 3538; x_wconf 84' lang='lat' dir='ltr'><strong>and</strong></span> <span class='ocrx_word' id='word_1_334' title='bbox 602 3499 651 3539; x_wconf 90' lang='lat' dir='ltr'><strong>B.</strong></span> <span class='ocrx_word' id='word_1_335' title='bbox 683 3511 761 3538; x_wconf 87' lang='lat' dir='ltr'><strong>om.</strong></span> <span class='ocrx_word' id='word_1_336' title='bbox 783 3498 942 3550; x_wconf 86' lang='lat' dir='ltr'><strong>posuit,</strong></span> <span class='ocrx_word' id='word_1_337' title='bbox 964 3497 1040 3537; x_wconf 81' lang='lat' dir='ltr'><strong>but</strong></span> <span class='ocrx_word' id='word_1_338' title='bbox 1058 3497 1114 3550; x_wconf 86' lang='lat' dir='ltr'><strong>cf.</strong></span> <span class='ocrx_word' id='word_1_339' title='bbox 1135 3510 1158 3537; x_wconf 90' lang='lat'>2</span> <span class='ocrx_word' id='word_1_340' title='bbox 1182 3498 1279 3538; x_wconf 86' lang='lat' dir='ltr'><strong>Cor.</strong></span> <span class='ocrx_word' id='word_1_341' title='bbox 1308 3511 1349 3537; x_wconf 84' lang='lat' dir='ltr'><strong>V.</strong></span> <span class='ocrx_word' id='word_1_342' title='bbox 1382 3508 1445 3546; x_wconf 88' lang='lat'><strong>19.</strong></span> 
     </span>
    </p>
   </div>
   <div class='ocr_carea' id='block_1_4' title="bbox 380 3562 2183 3685">
    <p class='ocr_par' dir='ltr' id='par_1_7' title="bbox 380 3562 2183 3685">
     <span class='ocr_line' id='line_1_38' title="bbox 383 3562 2183 3611; baseline -0.004 -4"><span class='ocrx_word' id='word_1_343' title='bbox 383 3567 400 3593; x_wconf 74' lang='grc' dir='ltr'>Β</span> <span class='ocrx_word' id='word_1_344' title='bbox 417 3569 467 3607; x_wconf 89' lang='grc' dir='ltr'><strong>Β.</strong></span> <span class='ocrx_word' id='word_1_345' title='bbox 497 3580 575 3607; x_wconf 91' lang='lat' dir='ltr'><strong>om.</strong></span> <span class='ocrx_word' id='word_1_346' title='bbox 609 3566 789 3608; x_wconf 87' lang='lat' dir='ltr'><strong>Utinam</strong></span> <span class='ocrx_word' id='word_1_347' title='bbox 811 3596 820 3605; x_wconf 94' lang='lat'>.</span> <span class='ocrx_word' id='word_1_348' title='bbox 839 3596 848 3605; x_wconf 91' lang='lat'><strong>.</strong></span> <span class='ocrx_word' id='word_1_349' title='bbox 869 3596 879 3605; x_wconf 89' lang='lat'><strong>.</strong></span> <span class='ocrx_word' id='word_1_350' title='bbox 894 3566 1120 3606; x_wconf 83' lang='lat' dir='ltr'><strong>ordinetur.</strong></span> <span class='ocrx_word' id='word_1_351' title='bbox 1157 3566 1225 3606; x_wconf 88' lang='lat' dir='ltr'><strong>Et.</strong></span> <span class='ocrx_word' id='word_1_352' title='bbox 1488 3564 1504 3589; x_wconf 81' lang='lat'><strong>9</strong></span> <span class='ocrx_word' id='word_1_353' title='bbox 1518 3563 1714 3611; x_wconf 87' lang='lat' dir='ltr'><strong>similem,</strong></span> <span class='ocrx_word' id='word_1_354' title='bbox 1736 3564 1787 3603; x_wconf 93' lang='lat' dir='ltr'><strong>A.</strong></span> <span class='ocrx_word' id='word_1_355' title='bbox 1805 3574 1815 3611; x_wconf 90' lang='lat'>;</span> <span class='ocrx_word' id='word_1_356' title='bbox 1848 3562 2105 3609; x_wconf 89' lang='lat' dir='ltr'><strong>similimum,</strong></span> <span class='ocrx_word' id='word_1_357' title='bbox 2130 3562 2183 3601; x_wconf 86' lang='lat' dir='ltr'><strong>B.</strong></span> 
     </span>
     <span class='ocr_line' id='line_1_39' title="bbox 380 3631 1596 3685; baseline -0.004 -10"><span class='ocrx_word' id='word_1_358' title='bbox 380 3634 417 3661; x_wconf 78' lang='lat'><strong>¹⁰</strong></span> <span class='ocrx_word' id='word_1_359' title='bbox 433 3635 484 3675; x_wconf 91' lang='lat' dir='ltr'><strong>A.</strong></span> <span class='ocrx_word' id='word_1_360' title='bbox 514 3648 592 3675; x_wconf 77' lang='lat' dir='ltr'><strong>om,</strong></span> <span class='ocrx_word' id='word_1_361' title='bbox 625 3635 832 3682; x_wconf 86' lang='lat' dir='ltr'><strong>Christus,</strong></span> <span class='ocrx_word' id='word_1_362' title='bbox 854 3633 940 3673; x_wconf 84' lang='lat' dir='ltr'><strong>and</strong></span> <span class='ocrx_word' id='word_1_363' title='bbox 958 3633 1079 3673; x_wconf 84' lang='lat' dir='ltr'><strong>reads</strong></span> <span class='ocrx_word' id='word_1_364' title='bbox 1100 3632 1270 3685; x_wconf 87' lang='lat' dir='ltr'><strong>quidem</strong></span> <span class='ocrx_word' id='word_1_365' title='bbox 1278 3632 1357 3685; x_wconf 83' lang='lat' dir='ltr'><strong>for</strong></span> <span class='ocrx_word' id='word_1_366' title='bbox 1375 3631 1596 3684; x_wconf 88' lang='lat' dir='ltr'><strong>siquidem.</strong></span> 
     </span>
    </p>
   </div>
  </div>
 </body>
</html>
