2512 4034
349 257 417 304 80
1140 246 1470 299 PECHAM

348 396 548 446 fastum
600 396 814 444 sinistra
864 393 1303 458 interpretatione
1357 396 1666 441 convertere
1728 388 1873 453 quod
1935 397 2110 455 potest
2159 390 2270 440 fieri

349 489 531 532 sancta
593 481 906 540 intentione,
974 493 1082 527 non
1143 484 1222 527 est
1283 477 1385 526 nisi
1450 475 1646 525 mentis
1720 490 1927 524 veneno
1989 475 2267 525 inebriate.

352 566 611 619 Similiter
649 563 1083 630 respondendum
1124 562 1192 612 ad
1230 562 1587 612 obiectionem
1626 559 1693 609 de
1730 576 1913 609 amore
1951 561 2272 624 magistralis

349 652 582 712 honoris,
609 652 736 716 quia
761 651 856 700 viri
883 649 1110 714 religiosi
1138 664 1246 697 non
1274 648 1512 698 laborant
1551 646 1620 695 ad
1659 652 1941 710 optentum
1981 646 2272 710 magisterii

351 756 447 803 pro
486 739 726 804 personis
767 735 1007 801 propriis,
1044 734 1143 783 nisi
1189 749 1283 799 per
1326 731 1691 783 obedientiam
1732 737 2004 795 cogantur,
2040 730 2134 780 sed
2180 748 2278 796 pro

351 823 600 873 fratribus
645 823 752 871 suis
794 837 928 885 quos
976 819 1245 869 Dominus
1290 819 1400 868 vita
1443 824 1497 868 et
1541 816 1762 866 scientia
1812 815 2102 876 illustravit,
2142 832 2277 880 quos

351 910 515 959 etiam
556 909 752 958 invitos
790 906 990 956 faciunt
1028 906 1082 954 in
1121 903 1374 954 cathedra
1411 902 1727 953 sublimari.1

462 995 566 1057 [17]
609 993 702 1043 Ad
740 991 871 1042 illud
911 991 978 1041 de
1016 990 1270 1040 iactantia
1308 997 1407 1039 etc,
1437 989 1558 1039 dico
1596 987 1743 1054 quod
1783 1005 1890 1037 non
1918 995 2000 1037 est
2026 988 2276 1037 iactantia

352 1081 525 1131 dicere
561 1081 696 1130 sicut
735 1096 833 1128 nec
874 1077 1167 1127 ostentatio
1206 1076 1420 1142 pietatis
1458 1092 1616 1125 causa
1661 1073 1941 1123 ostendere
1982 1072 2124 1123 bona
2161 1089 2273 1124 sua.

357 1166 517 1218 Unde
545 1163 834 1230 Gregorius
859 1163 1046 1214 Moral.
1083 1176 1147 1229 19
1175 1164 1303 1228 [cap.
1328 1162 1504 1222 xxiii]
1530 1180 1539 1212 z
1588 1164 1611 1185 “
1628 1160 1757 1210 dum
1779 1167 1963 1209 sancta
1983 1158 2278 1225 predicant,

354 1254 470 1318 ipsa
509 1267 691 1301 eorum
733 1249 1026 1316 predicatio
1069 1249 1205 1298 forte
1249 1247 1550 1313 despicitur,
1591 1263 1817 1312 quorum
1864 1247 1974 1295 vita
2015 1245 2276 1305 nescitur;

353 1337 751 1403 compelluntur
795 1353 919 1401 ergo
958 1336 1127 1385 vitam
1173 1351 1325 1384 suam
1371 1333 1557 1394 dicere,
1601 1341 1660 1383 ut
1710 1332 2014 1383 auditorum
2066 1331 2278 1381 valeant

353 1425 521 1474 vitam
551 1430 788 1483 mutare;
830 1430 885 1472 et
912 1423 1049 1471 facta
1076 1438 1171 1471 sua
1199 1420 1445 1479 referunt,
1474 1427 1533 1469 ut
1572 1419 1973 1469 venerationem
2012 1417 2280 1478 habeant;

352 1510 590 1560 venerari
628 1515 896 1574 appetunt
932 1515 991 1557 ut
1029 1514 1329 1556 reverenter
1367 1503 1710 1555 audiantur'’.
1808 1504 1928 1553 Hec
1970 1502 2275 1569 Gregorius.

356 1595 520 1661 Quod
547 1602 726 1645 autem
754 1595 850 1643 hec
877 1594 960 1643 vel
988 1593 1090 1643 alia
1116 1592 1259 1642 dicta
1285 1592 1367 1641 vel
1389 1592 1526 1641 facta
1552 1607 1801 1657 perversa
1822 1588 2278 1655 interpretatione,

354 1698 477 1731 cum
505 1682 610 1731 sint
637 1680 811 1741 dubia,
840 1681 893 1729 in
922 1678 1226 1745 superbiam
1255 1679 1639 1743 intorquentur,
1665 1677 1749 1726 vel
1776 1675 1916 1725 aliud
1944 1691 2110 1741 genus
2149 1675 2281 1734 vitii,

354 1767 592 1818 ostendit
619 1766 900 1817 manifeste
926 1765 1218 1815 hereticum
1247 1765 1470 1814 istorum
1501 1762 1898 1814 mendaciorum
1936 1761 2280 1811 confictorem

355 1852 683 1919 superfluum
700 1851 718 1880 2
756 1869 870 1902 esse
910 1859 964 1901 et
1003 1852 1186 1901 omnia
1213 1867 1461 1916 perverso
1487 1849 1593 1899 fine
1619 1849 1803 1907 facere,
1831 1846 2041 1897 dicente
2067 1846 2300 1911 Angus-.

355 1941 471 1990 tino
510 1956 668 2005 super
706 1938 834 1988 illud
874 1937 1096 2003 psalmi:
1152 1935 1481 2002 “Amputass
1528 1934 1874 2000 obprobrium
1918 1948 2097 1982 meum
2136 1932 2282 1998 quod

356 2027 796 2092 suspicatussum
820 2024 846 2042 ”
872 2044 880 2074 :
923 2027 948 2048 “
967 2022 1248 2073 hominum
1277 2022 1469 2072 iudicia
1495 2021 1562 2071 de
1597 2020 1812 2071 occultis
1851 2019 2131 2069 hominum
2172 2035 2282 2068 non

357 2119 481 2162 sunt
508 2113 689 2162 suavia
715 2111 840 2176 quia
867 2108 1156 2168 temeraria,
1180 2117 1234 2159 et
1260 2108 1381 2158 ideo
1408 2124 1564 2157 suum
1593 2106 1736 2156 dixit
1762 2105 2121 2171 obprobrium,
2139 2103 2283 2169 quod

358 2198 424 2249 de
451 2199 567 2248 aliis
595 2198 892 2263 suspicatus
920 2201 1016 2246 est.
1100 2195 1220 2244 Hoc
1247 2193 1511 2260 proclivus
1529 2191 1548 2219 4
1585 2192 1750 2242 homo
1776 2191 2072 2256 suspicatur
2098 2190 2151 2239 in
2180 2190 2283 2239 alio

358 2284 500 2350 quod
539 2284 837 2349 suspicatur
875 2283 929 2332 in
969 2299 1025 2331 se
1064 2283 1181 2347 ipso
1197 2279 1235 2331 ’'.
1318 2280 1435 2329 Hec
1477 2279 1828 2344 Augustinus.
1909 2277 1999 2325 EX
2038 2294 2128 2326 ore
2159 2293 2284 2341 ergo

358 2379 453 2421 tuo
491 2378 545 2420 te
583 2369 772 2429 iudico,
799 2385 948 2418 serve
985 2383 1235 2432 nequam,
1265 2366 1493 2416 heretice
1531 2364 1768 2414 asinine.5

469 2457 560 2507 Ad
609 2470 677 2507 2o
722 2454 1011 2505 dicendum
1052 2452 1196 2518 quod
1240 2469 1361 2502 cum
1403 2454 1619 2501 insanus
1663 2458 1801 2500 esset
1840 2448 1927 2514 qui
1972 2448 2039 2498 ad
2084 2456 2283 2498 statum

360 2543 682 2594 calamitatis
711 2548 970 2608 perpetue
1003 2557 1060 2589 se
1098 2538 1406 2589 transferret
1444 2555 1540 2604 pro
1578 2537 1781 2586 honore
1816 2537 2032 2596 incertO,
2058 2550 2165 2584 non
2205 2541 2286 2604 est

361 2631 521 2696 igitur
559 2627 810 2678 credibile
849 2626 990 2692 quod
1030 2626 1219 2690 aliquis
1258 2625 1326 2674 ad
1367 2631 1568 2673 statum
1609 2623 1839 2672 virorum
1879 2636 2176 2687 pauperum
2209 2621 2286 2668 in-

362 2716 523 2766 clinet
549 2732 605 2764 se
632 2722 847 2780 propter
872 2713 987 2773 hoc,
1018 2719 1072 2761 et
1098 2727 1261 2776 quam
1288 2711 1454 2775 impie
1482 2710 1581 2759 iste
1620 2707 1961 2769 mendaciter,
1991 2707 2138 2756 cuius
2176 2721 2285 2755 non

364 2802 686 2852 illuminavit
733 2800 882 2849 Deus
921 2797 1235 2848 abscondita
1285 2795 1644 2856 tenebrarum,
1686 2793 1778 2843 sed
1829 2809 1989 2858 quem
2042 2793 2286 2858 princeps

472 2952 486 2976 1
505 2951 553 2989 Β.
576 2950 791 2990 continues
809 2963 821 2987 .·
855 2949 1006 2987 Honor
1028 2947 1154 2986 etiam
1175 2945 1409 2997 magisterii
1430 2946 1561 2984 amari
1592 2951 1745 2995 potest,
1768 2944 1879 2983 sicut
1907 2942 2007 2981 dicit
2037 2942 2284 2992 Gregorius,

364 3019 463 3071 quia
493 3018 684 3057 venerari
718 3023 927 3068 appetunt
955 3024 1003 3054 ut
1041 3021 1279 3054 reverenter
1319 3013 1558 3059 audiantur,
1590 3020 1633 3052 et
1672 3012 1784 3051 idem
1825 3009 2092 3050 sentiendum
2132 3017 2196 3048 est
2235 3009 2287 3048 de

364 3087 528 3126 honore
548 3086 602 3125 ad
621 3085 807 3125 officium
827 3083 1059 3135 magisterii
1081 3083 1332 3133 pertinente.
1393 3081 1649 3120 Intentionis
1670 3087 1813 3119 autem
1833 3078 1956 3118 iudex
1976 3085 2041 3117 est
2063 3078 2287 3123 Dominus,

365 3156 436 3206 qui
466 3163 508 3194 et
536 3154 652 3193 novit
680 3166 807 3204 quam
836 3152 944 3191 falso
972 3152 1033 3191 eis
1063 3151 1306 3201 imponatur
1335 3149 1440 3188 illud
1469 3149 1581 3200 quod
1601 3148 1652 3187 de
1682 3147 1879 3199 pessimis
1900 3146 2051 3185 dicitur
2071 3145 2287 3196 ypocritis,

368 3223 475 3261 Mat.
499 3234 547 3271 23
565 3233 573 3260 :
606 3225 629 3242 “
647 3222 805 3259 Amant
824 3206 981 3270 primos
1002 3219 1216 3258 recubitus
1237 3218 1279 3255 in
1300 3217 1461 3264 cenis,''
1484 3224 1565 3255 etc.

475 3291 491 3314 2
508 3290 556 3327 B.
581 3288 943 3339 superbissimum.

475 3357 577 3396 3Ps.
609 3356 744 3396 cxviii.
776 3367 853 3405 39:
887 3355 936 3393 O.
969 3352 1090 3394 reads
1120 3353 1249 3392 Aufer
1281 3352 1376 3404 (for
1406 3351 1637 3402 Amputa):
1669 3349 1725 3402 cf.
1754 3349 1856 3388 ibid.
1889 3361 1951 3388 22.
2012 3349 2093 3387 See
2124 3346 2286 3398 Migne,

295 3452 298 3453 γ
370 3426 466 3463 Pat.
489 3425 590 3463 Lat.
613 3424 761 3462 xxxvii.
784 3424 865 3462 col.
891 3433 1006 3472 1535.

475 3492 491 3515 4
508 3490 759 3542 Augustine,
782 3494 790 3510 ‘
808 3490 1035 3540 proclivius
1050 3489 1083 3536 ;⁷
1116 3488 1202 3528 and
1222 3491 1231 3508 ‘
1249 3487 1401 3527 sentit’
1420 3487 1499 3538 for
1521 3485 1588 3524 the
1607 3485 1755 3525 second
1776 3488 1784 3505 ‘
1804 3483 2037 3534 suspicatur
2053 3482 2075 3520 '.
2169 3524 2175 3528 ss

479 3560 494 3583 5
513 3559 560 3597 Β,
583 3572 658 3597 om.
683 3557 889 3597 ‘heretice
910 3556 1105 3605 asinine,'
1127 3556 1213 3594 and
1233 3555 1338 3594 adds
1369 3558 1377 3575 ‘
1396 3561 1438 3594 et
1459 3554 1518 3593 sic
1538 3560 1659 3604 patet
1679 3552 1733 3593 ad
1756 3560 1855 3601 17m,
1879 3552 1976 3597 18111,
2000 3557 2041 3588 et
2065 3548 2178 3598 19m’.
