2512 4034
777 276 1253 328 TRACTATUS
1299 274 1690 326 PAUPERIS
2132 286 2200 339 59

276 424 469 473 nolunt
511 440 616 473 non
665 424 771 472 sint
814 421 1057 473 astricti.1
1103 463 1111 472 .
1158 461 1168 471 .
1211 461 1219 469 .
1264 419 1354 469 Ad
1402 419 1669 469 decimum
1716 417 2006 468 dicendum
2053 418 2195 483 quod

276 509 364 559 ille
403 517 588 560 textus
627 508 758 559 falso
796 506 1082 574 allegatur:
1127 524 1234 556 non
1288 508 1432 555 enim
1486 504 1613 553 dicit
1664 503 2005 567 Augustinus
2060 509 2197 554 “aut

275 597 641 661 intemperans
677 604 759 645 est
798 603 890 644 aut
930 592 1377 659 superstitiosus„”
1432 591 1528 641 sed
1574 596 1708 639 “aut
1760 597 2068 654 temperans
2118 597 2198 639 est

275 691 369 731 aut
397 683 798 747 superstitiosus
825 680 962 739 est,’'
994 681 1127 729 sicut
1156 686 1302 745 patet
1330 676 1664 743 respiciendo
1703 676 1884 724 omnia
1922 673 2201 738 originalia

276 768 482 828 mundi,
536 769 635 818 nisi
689 767 796 816 sint
850 767 917 816 de
969 782 1110 815 novo
1159 773 1421 830 corrupta.
1525 763 1642 811 Hec
1694 770 1874 810 tamen
1930 761 2200 825 corruptio

275 855 548 905 invenitur
602 855 652 903 in
717 853 851 902 libro
905 852 1161 911 Gratiani,
1224 851 1364 902 Dist.
1419 864 1479 914 41
1543 866 1659 914 cap.
1721 847 1977 913 Quisqlcis
2028 846 2199 906 rebus.

279 940 441 991 Unde
480 948 666 1002 textus
712 939 798 988 ille
841 937 921 988 vel
965 945 1046 987 est
1089 938 1223 986 vitio
1268 937 1585 1002 scriptorum
1624 943 1918 999 corruthS‚
1960 973 1968 981 .
2010 973 2019 982 .
2060 972 2069 981 .
2112 931 2195 981 vel

273 1027 388 1093 ipse
429 1026 720 1077 Gratianus
761 1025 830 1074 ibi
870 1024 1081 1077 defecit,
1121 1024 1255 1073 sicut
1282 1024 1333 1072 in
1375 1021 1553 1072 multis
1591 1021 1707 1070 aliis
1746 1019 1883 1068 locis.
1976 1018 2200 1077 Annon,

272 1113 422 1164 verbi
451 1112 640 1178 gratia,
666 1110 866 1161 defecit
889 1108 1084 1174 [causa]
1108 1124 1135 1159 2
1156 1118 1322 1176 quest.
1353 1123 1396 1172 3,
1423 1108 1489 1157 de
1507 1105 1886 1157 abolitionibus
1909 1104 2197 1154 criminum

273 1200 326 1248 in
380 1198 703 1266 allegatione
754 1196 878 1247 iuris
930 1195 1108 1256 civilis,
1162 1204 1215 1246 et
1266 1194 1391 1244 alibi
1444 1193 1794 1244 multotiens?
1835 1233 1844 1242 .
1890 1233 1899 1242 .
1938 1234 1947 1244 .
1989 1190 2080 1240 Ad
2136 1202 2200 1252 17

278 1289 293 1346 (
325 1308 364 1323 =
393 1289 446 1349 4)
490 1284 784 1334 dicendum
826 1281 986 1348 quod,
1016 1292 1074 1333 ut
1115 1299 1278 1347 supra
1316 1283 1488 1331 visum
1529 1288 1625 1341 est,
1658 1280 1932 1330 Dominus
1970 1277 2203 1327 district-

272 1372 455 1421 issime
506 1369 760 1421 ieiunavit
810 1378 862 1419 et
913 1370 1209 1419 Iohannem
1259 1369 1584 1418 ieiunantem
1632 1382 1789 1431 super
1832 1381 2022 1414 omnes
2067 1362 2202 1413 alios

271 1458 689 1508 commendavit.
732 1498 741 1506 .
785 1498 794 1508 .
840 1497 848 1506 .
893 1455 1055 1522 Quod
1106 1455 1354 1505 obiicitur
1405 1454 1473 1503 de
1524 1453 1703 1503 tunica
1755 1450 2072 1509 inconsutili,
2124 1467 2200 1500 re-

271 1544 570 1609 spondetur
620 1560 713 1609 per
766 1542 1198 1594 crisostomum2
1244 1542 1514 1591 dicentem
1561 1555 1719 1606 super
1767 1538 2062 1588 Iohannem
2104 1555 2202 1587 ex-

272 1630 529 1696 ponendo
569 1629 743 1679 locum
782 1630 990 1695 ipsum:
1033 1630 1149 1678 “In
1192 1628 1462 1678 Palestina
1507 1627 1644 1677 duos
1696 1642 1903 1692 pannos
1954 1625 2204 1674 commit-

269 1723 446 1766 tentes
464 1716 575 1783 (sic)
589 1718 662 1767 ita
681 1704 978 1766 subtexunt
997 1716 1330 1775 indumenta,
1349 1713 1644 1764 ostendens
1662 1713 1924 1763 Iohannes
1942 1711 2200 1778 quoniam

271 1802 393 1853 talis
432 1811 549 1853 erat
587 1805 767 1853 tunica
805 1820 876 1853 ex
922 1803 1022 1853 hiis
1068 1820 1170 1869 que
1214 1803 1443 1869 desuper
1489 1801 1764 1852 subtexta.
1848 1800 1970 1849 Hoc
2016 1806 2198 1848 autem

271 1888 400 1938 mihi
440 1889 650 1939 videtur
695 1889 872 1938 dicere
914 1888 1239 1953 enigmatice
1284 1888 1557 1938 insinuans
1601 1887 1867 1936 vilitatem
1913 1886 2204 1935 vestimen-

269 1975 503 2025 torum.’'
589 1975 706 2025 Hec
732 1976 897 2025 verba
923 1977 1106 2026 sancti.
1184 1975 1335 2041 Ergo
1371 1976 1424 2024 in
1465 1976 1566 2025 hoc
1604 1973 2047 2024 vestimentorum
2087 1971 2199 2021 vili-

268 2068 437 2111 tatem
465 2059 719 2127 intellige,
750 2078 859 2111 non
889 2060 1300 2127 preciositatem.
1380 2061 1503 2110 Hoc
1531 2068 1711 2110 autem
1753 2059 1882 2109 satis
1921 2056 2204 2124 probabile

269 2147 494 2206 videtur,
542 2148 818 2213 quoniam,
860 2149 903 2197 si
948 2164 1215 2213 purpurea
1258 2146 1451 2196 fuisset
1500 2148 1664 2196 vestis
1719 2144 1932 2204 Christi,
1988 2160 2095 2194 non
2150 2143 2198 2194 ei

268 2233 612 2284 crucifixores
648 2235 725 2284 sui
763 2235 995 2284 irrisorie
1033 2233 1319 2284 clamidem
1359 2234 1658 2284 coccineam
1697 2231 2197 2282 circumdedissent.

270 2317 528 2385 Amplius
555 2336 652 2369 nec
684 2319 953 2370 Iohannes
981 2321 1035 2369 in
1064 2319 1291 2384 legenda
1329 2336 1423 2368 sua
1462 2319 1691 2368 dixisset
1730 2318 2057 2368 detestando
2096 2316 2201 2366 illis

267 2405 357 2469 qui
385 2403 454 2453 de
479 2407 826 2455 conversione
853 2422 952 2455 sua
979 2405 1310 2472 penitebant‚
1341 2406 1464 2470 quia
1490 2404 1739 2454 viderant
1765 2421 1947 2454 servos
1978 2419 2102 2452 suos
2141 2403 2194 2451 in

266 2491 442 2540 sericis
470 2488 752 2554 fulgenteS‚
784 2488 957 2555 [ete.].3
1032 2490 1211 2542 Stulte
1238 2491 1380 2540 enim
1408 2491 1508 2540 hoc
1534 2490 1798 2557 arguisset
1826 2491 1878 2539 in
1906 2488 2022 2539 aliis
2050 2488 2193 2554 quod

267 2575 320 2624 in
362 2576 618 2641 magistro
659 2594 758 2626 suo
797 2577 1105 2626 exhibitum
1133 2577 1412 2627 vidissent.
1489 2576 1746 2642 Amplius
1790 2582 2002 2625 sanctus
2051 2575 2199 2624 Mar-

267 2662 410 2710 tinus
457 2661 664 2712 dixit:4
707 2662 977 2712 Dominus
1034 2664 1183 2712 Iesus
1232 2661 1479 2713 Christus
1533 2679 1641 2712 non
1696 2669 2048 2728 purpuratum
2097 2676 2196 2710 nec

268 2744 596 2811 dyademate
634 2748 953 2797 renitentem
994 2764 1050 2797 se
1089 2755 1371 2797 venturum
1411 2764 1527 2797 esse
1566 2747 1821 2813 predixit.
1866 2790 1875 2799 .
1923 2791 1931 2798 .
1981 2789 1988 2797 .
2033 2745 2195 2812 Quod

267 2839 447 2881 autem
512 2830 732 2895 quidam
797 2832 982 2881 dicunt
1047 2849 1167 2882 eam
1233 2849 1560 2898 purpuream
1618 2849 1734 2883 esse
1786 2840 1839 2882 et
1891 2833 1943 2881 in
1997 2832 2199 2881 sanctis

265 2924 573 2966 sanctorum
609 2916 784 2966 Rome
817 2919 1092 2978 contineri,
1130 2934 1238 2967 non
1277 2917 1504 2968 faciliter
1536 2918 1713 2969 credo,
1790 2918 1999 2968 Dicitur
2029 2918 2192 2967 etiam

265 3003 319 3053 in
362 3001 688 3068 Argentulio
726 3020 842 3052 esse
883 3004 1036 3052 iuxta
1084 3004 1351 3062 Parisius,5
1403 3021 1565 3068 quam
1618 3003 1815 3053 ibidem
1860 3003 1985 3064 vidi,
2028 3018 2197 3067 quan-

264 3096 381 3139 tum
429 3088 728 3138 discernere
781 3090 929 3155 potui
984 3090 1153 3153 magis
1180 3089 1387 3139 cilicine
1437 3089 1667 3139 similem
1716 3091 1767 3138 in
1813 3087 1989 3138 colore
2030 3104 2193 3154 quam

264 3191 607 3241 purpuream.
712 3174 873 3240 Quod
926 3175 968 3224 si
1022 3175 1151 3224 mihi
1203 3174 1365 3240 aliqui
1424 3183 1672 3240 proterve
1722 3182 2020 3224 assererent
2069 3191 2194 3225 eam

377 3286 389 3309 1
411 3285 590 3336 Regula,
613 3297 706 3336 cap.
730 3285 787 3325 iii.
972 3284 1070 3336 2Cs.
1093 3285 1315 3336 Chrysost.
1340 3285 1499 3324 Homil.
1524 3288 1573 3334 85
1598 3285 1682 3337 (84)
1707 3286 1747 3323 in
1769 3286 1835 3335 Jo.
1858 3286 1939 3323 xix.
1965 3298 2030 3335 23.

375 3352 390 3375 ²²·
407 3352 474 3403 Cf.
509 3353 616 3403 Leg.
645 3353 800 3399 Aurea,
836 3365 928 3403 cap.
958 3353 1009 3391 ix.
1069 3353 1243 3398 Abdias‚
1279 3354 1392 3392 Hist.
1425 3354 1665 3392 certaminis
1693 3354 1841 3404 Apost.
1873 3353 2021 3404 (Paris,
2055 3355 2191 3407 1571),

267 3433 306 3471 p.
330 3421 418 3459 6212.

373 3490 526 3539 ⁴Sulp.
556 3489 736 3527 Severus
766 3487 817 3526 de
844 3488 945 3527 Vita
976 3489 1023 3527 B.
1057 3489 1241 3535 Martini,
1271 3502 1363 3539 cap.
1395 3502 1460 3538 24.
1518 3489 1588 3541 Cf.
1619 3490 1856 3529 Bonavent.
1889 3490 2042 3541 Expos.
2071 3503 2195 3542 supet

266 3555 488 3607 Regulam,
509 3567 587 3606 cap
623 3556 665 3595 ii.

373 3624 388 3648 5
403 3624 453 3663 O.
477 3625 597 3662 reads
620 3628 643 3644 ‘·
663 3624 775 3662 iuxta
797 3625 915 3674 prou⁷
938 3624 1061 3674 paris'
