2512 4034
728 246 1207 298 TRACTATUS
1250 248 1640 300 PAUPERIS
2076 270 2145 319 49

220 389 498 452 stabilitur,
539 399 591 441 et
631 391 755 441 inde
793 391 862 441 ad
901 390 1271 441 obedientiam
1312 393 1575 457 recipitur,
1614 409 1671 442 se
1715 395 1891 459 ipsum
1934 400 2145 463 penitus

221 476 585 542 abnegando,l
639 484 692 527 et
755 486 880 527 tanc
933 476 1168 526 habeant
1229 477 1482 526 unz'cam2
1537 479 1791 541 tunicam,
1845 489 1961 542 etc.,
2012 486 2147 534 sicut

220 577 380 627 supra
442 564 750 628 expositum
813 569 896 611 est
958 561 1026 611 de
1101 562 1438 612 vestimentis
1513 563 1892 629 apostolorum,
1957 569 2146 633 quibus

217 648 446 697 varietas
492 647 819 697 interdicitur
861 646 1327 709 vestimentorum,
1376 647 1529 697 iuxta
1573 650 1715 713 quod
1769 668 1929 717 supra
1976 657 2150 719 patuit

218 730 339 798 cap0
366 731 465 783 iiio:
504 734 582 783 Et
603 733 699 800 qai
721 733 1018 782 necessitate
1046 742 1298 798 coguntur
1311 734 1525 798 possint
1545 742 1762 799 portare
1792 739 2148 792 calciamenta.

222 819 349 869 Duo
388 818 518 868 dicit
543 819 922 868 necessitatem
952 826 1006 868 et
1032 819 1383 881 coactionem,
1413 826 1471 868 ut
1497 819 1564 869 sit
1590 822 1881 872 necessitas
1910 840 2151 889 persone,

219 903 543 954 infirmitatis
585 904 786 954 scilicet
832 905 1098 969 presentis
1132 904 1217 954 vel
1258 904 1606 967 imminentis,
1644 914 1697 955 et
1738 910 1948 958 coactio
1987 927 2150 960 cause

219 991 439 1058 negotii,
487 991 689 1041 scilicet
740 992 827 1056 pie
872 988 1118 1040 utilitatis
1170 997 1225 1040 et
1269 993 1494 1041 consoni
1542 991 1811 1058 religionis
1862 995 2150 1046 honestati.

221 1077 338 1127 Nec
366 1079 586 1127 nomine
611 1076 1088 1127 calciamentorum
1124 1075 1365 1127 sandalia
1386 1077 1404 1105 3
1430 1077 1800 1144 prohibentur,
1827 1082 1950 1145 quia
1978 1081 2148 1131 Dom-

217 1162 341 1212 inus
387 1163 476 1228 qui
520 1161 872 1212 calciamenta
917 1162 1195 1228 discipulis
1248 1162 1521 1228 prohibuit
1571 1164 1816 1215 sandalia
1866 1168 2146 1227 concessit,

219 1249 330 1300 Sed
359 1250 480 1315 quia
507 1249 799 1299 necessitas
825 1248 1000 1314 legem
1028 1266 1138 1299 non
1167 1249 1346 1312 habet,
1370 1250 1556 1316 regula
1582 1253 1636 1301 in
1664 1269 1789 1303 casu
1815 1254 2151 1305 necessitatis

216 1335 575 1386 calciamenta
600 1336 885 1387 concedit}

330 1422 482 1487 (Cap.
512 1421 603 1483 iii.)
685 1422 941 1488 Sequitur
991 1423 1174 1488 regule
1225 1440 1339 1489 cap.
1387 1437 1413 1488 3
1457 1424 1508 1473 in
1550 1440 1657 1489 quo
1702 1424 1934 1475 dicitur:
1976 1427 2155 1476 clerici

198 1509 418 1573 faciant
441 1508 688 1557 divinam
715 1508 937 1573 ffcium
964 1509 1251 1559 secandam
1268 1509 1694 1560 consuetudinem
1712 1521 1888 1562 sancte
1907 1512 2151 1562 Romane

213 1595 422 1655 ecclesie,
461 1601 560 1645 ete.
644 1595 708 1644 In
747 1610 856 1660 quo
901 1594 1228 1646 informatur
1272 1594 1500 1645 fratrum
1547 1598 1887 1647 conversatio
1932 1597 1999 1647 ad
2045 1600 2149 1648 tria

212 1697 379 1747 opera
407 1680 659 1746 precipue
685 1681 1000 1741 sanctitatis,
1032 1682 1315 1747 primitus⁵
1340 1684 1410 1732 ad
1442 1683 1622 1732 Deum
1661 1699 1757 1748 per
1783 1700 1949 1750 opera
1974 1701 2148 1735 rever-

210 1766 355 1816 entie
381 1767 451 1816 ad
480 1765 681 1817 cultum
712 1766 817 1816 Dei
837 1769 855 1797 ὕ
885 1767 1225 1833 pertinentia,
1252 1768 1553 1819 cuiusmodi
1583 1779 1706 1820 sunt
1734 1769 1922 1820 laudes
1949 1771 2147 1834 divine,

214 1853 264 1901 in
291 1852 482 1917 quibus
521 1852 709 1902 fratres
748 1854 896 1918 sequi
935 1851 1137 1903 debent
1178 1854 1625 1904 consuetudinem
1666 1864 1854 1906 sancte
1894 1856 2147 1908 Romane

210 1937 449 1989 ecclesie.
554 1938 698 1989 Laus
751 1938 1019 2005 siquidem
1072 1940 1217 1989 Petri
1271 1939 1387 2006 plus
1439 1947 1742 1992 ceterorum
1796 1945 2061 2008 preconiis
2116 1962 2146 1994 a

214 2024 456 2075 Domino
491 2027 686 2075 meruit
724 2027 1006 2091 acceptari,
1036 2042 1158 2075 cum
1199 2025 1341 2076 dixit
1383 2027 1520 2078 Mat.
1558 2030 1621 2079 16
1661 2027 1729 2094 [V.
1765 2028 1880 2095 16]:
1923 2029 2052 2080 “Tu
2091 2048 2146 2080 es

211 2110 457 2162 Christus
483 2109 624 2160 filius
653 2111 756 2161 Dei
783 2111 889 2161 vivi
907 2109 932 2129 ''
961 2112 1009 2162 ;Τ
1049 2120 1101 2162 et
1141 2112 1264 2162 ideo
1289 2112 1403 2163 laus
1432 2113 1575 2163 Petri
1603 2114 1723 2179 plus
1751 2122 1833 2165 est
1859 2116 2147 2167 emulanda

206 2197 471 2262 evangelii
511 2196 817 2263 professori.
895 2197 1148 2249 Secundo
1186 2199 1256 2249 ad
1284 2215 1478 2266 corpus
1519 2201 1795 2267 proprium
1825 2202 1954 2267 perS
1980 2219 2145 2269 opera

212 2284 524 2349 penitentie,
552 2284 854 2334 cuiusmodi
881 2290 1007 2334 sunt
1035 2285 1231 2335 ieiunia
1249 2303 1259 2347 ;
1299 2294 1355 2335 et
1393 2302 1585 2352 parum
1625 2290 1897 2353 expressit
1927 2288 2108 2339 ieiunii
2127 2289 2145 2319 9

208 2370 334 2434 quia
353 2370 622 2420 Dominus
642 2369 835 2436 legitur
852 2370 1097 2421 similiter
1117 2387 1308 2437 parum
1326 2371 1393 2421 de
1411 2372 1514 2423 hoc
1534 2373 1790 2439 apostolis
1809 2375 2111 2440 inposuisse
2132 2400 2142 2443 ;

211 2472 308 2505 nec
336 2465 517 2506 tamen
547 2472 739 2522 parum
768 2458 1004 2524 inposuit
1032 2459 1121 2523 qui
1141 2457 1180 2486 10
1199 2458 1393 2508 vilibus
1421 2458 1636 2509 cibariis
1662 2466 1945 2511 contentos
1963 2459 2002 2490 Π
2025 2477 2143 2511 esse

215 2541 401 2592 docuit
440 2559 562 2592 cum
603 2543 746 2592 dixit
766 2542 805 2571 12
834 2561 935 2594 non
973 2544 1270 2609 despiciant
1303 2562 1394 2594 nec
1431 2545 1662 2596 iudicent
1695 2546 1930 2597 homines
1949 2546 1989 2575 13
2016 2564 2145 2614 quos

323 2696 336 2719 1
356 2695 406 2735 O.
437 2695 667 2735 abutendo.
961 2697 977 2721 2
994 2698 1045 2736 V.
1078 2710 1220 2736 unam.
1507 2698 1524 2723 3
1542 2699 1588 2737 F.
1621 2698 1856 2738 scandalia.

320 2763 336 2786 ⁴
355 2763 403 2802 Β.
426 2763 513 2814 (fol.
538 2765 676 2814 139VO)
699 2764 913 2804 continues
931 2781 942 2804 .·
965 2764 1195 2816 Cingulum
1216 2765 1344 2805 etiam
1367 2766 1582 2805 concessit
1601 2767 1645 2805 in
1667 2778 1752 2817 quo
1773 2767 1917 2805 funem
1934 2767 2144 2806 intellexit

211 2830 322 2869 sieut
343 2831 607 2870 consuetudo
627 2831 868 2879 declaravit,
891 2840 935 2871 et
953 2832 1034 2871 hoc
1056 2833 1183 2872 etiam
1204 2833 1305 2884 quia
1325 2833 1541 2873 Christum
1561 2834 1739 2885 ligatum
1760 2836 1921 2885 legerat
1952 2836 1994 2874 in
2024 2848 2129 2874 evan

210 2899 324 2950 gelio
355 2900 461 2937 Mat.
494 2910 568 2949 27:
612 2903 635 2921 ‘⁶
654 2900 857 2938 Vinctum
887 2899 1148 2939 adduxerunt
1177 2914 1274 2939 eum
1305 2909 1346 2940 et
1376 2901 1639 2941 tradiderunt
1669 2903 1822 2941 Pontio
1852 2902 2058 2950 Pilat0’';
2099 2911 2141 2942 et

212 2967 331 3006 Ioan.
359 2967 431 3013 18;
462 2969 485 2987 “
504 2966 914 3017 comprehenderunt
936 2967 1076 3006 Iesum
1097 2976 1139 3006 et
1155 2967 1390 3019 ligaverunt
1404 2982 1500 3008 eum
1518 2969 1556 3008 ²’.
1606 2969 1645 3007 N
1651 2982 1698 3009 ec
1714 2969 1799 3009 alio
1811 2969 1969 3021 cinguli
1986 2983 2140 3021 genere

210 3046 406 3085 expresse
435 3034 590 3084 legitur
622 3035 830 3073 Dominus
860 3047 905 3074 se
934 3035 1116 3073 cinxisse
1148 3036 1223 3075 nisi
1254 3036 1351 3087 quia
1374 3037 1414 3074 in
1437 3037 1597 3076 lotione
1618 3036 1771 3088 pedum
1794 3038 1964 3089 cingulo
1984 3050 2029 3076 se
2050 3050 2138 3089 pre-

209 3101 353 3139 cinxit.
414 3101 527 3139 Huic
548 3101 675 3153 igitur
695 3101 892 3153 ligationi
915 3101 1072 3140 Christi
1095 3102 1201 3140 nihil
1222 3102 1401 3141 similius
1421 3104 1560 3153 potuit
1582 3103 1769 3143 adhiberi
1786 3116 1912 3155 quam
1927 3105 2140 3144 funiculus

209 3169 277 3221 qui
309 3176 373 3208 est
402 3169 729 3208 instrumentum
761 3169 972 3221 proprium
1003 3169 1207 3220 ligature3
1240 3169 1291 3209 de
1320 3183 1405 3221 quo
1435 3171 1547 3210 Esai.
1570 3183 1622 3222 3:
1655 3175 1679 3193 “
1698 3173 1774 3210 erit
1804 3185 1880 3223 pro
1900 3185 2010 3212 zona
2031 3173 2138 3212 funi-

209 3238 331 3275 culus
348 3237 397 3284 '’;
437 3236 551 3288 quod
580 3236 712 3275 etiam
743 3236 1003 3288 “cingulum
1033 3237 1188 3275 sacci⁷’
1218 3244 1346 3276 vocat
1373 3250 1466 3288 cap.
1499 3250 1562 3277 22.
1621 3238 1852 3289 Cingulum
1882 3239 1993 3278 enim
2024 3240 2140 3279 sacci

208 3303 419 3342 funiculus
439 3311 519 3343 est.

323 3371 337 3395 5
354 3371 401 3410 F.
432 3384 507 3410 om.
530 3370 736 3422 primitus.
959 3371 975 3395 ὓ
990 3371 1039 3410 Ο.
1070 3384 1147 3410 om.
1176 3372 1270 3410 Dei.
1508 3372 1524 3397 ⁷
1540 3373 1588 3411 F.
1619 3385 1695 3412 om.
1716 3373 1815 3413 vivi.

323 3438 338 3463 8
355 3440 402 3477 F.
432 3438 537 3477 adds
560 3438 715 3477 omnia.
956 3440 971 3463 ¹³
987 3439 1034 3478 F.
1066 3439 1283 3478 ieiunium.
1506 3440 1542 3464 1⁰
1556 3441 1607 3479 O.
1639 3441 1752 3492 quia.

322 3507 475 3547 11V.F.
506 3513 769 3546 contentum.
955 3507 990 3531 12
1007 3508 1052 3546 F.
1085 3506 1201 3546 dicit.
1503 3508 1538 3533 13
1556 3509 1657 3548 B.V.
1688 3522 1764 3549 om.
1789 3509 1993 3550 homines,

1148 3603 1181 3651 4
