2512 4034
780 270 1107 358 CONTRA
1150 301 1642 354 KILWARDBY
2076 309 2168 362 105

366 454 483 520 (59)
526 453 611 503 fol.
651 467 742 515 44,
778 451 876 501 col.
912 463 953 514 3.
1002 448 1260 511 Queritur
1283 447 1346 497 de
1375 446 1635 496 exercitiis
1666 445 1975 495 meritorum
2011 460 2176 509 quan-

245 551 365 593 tum
393 543 471 592 ad
492 543 822 608 imperfectos.

373 633 483 696 (60)
533 633 618 683 fol.
647 646 737 694 44,
763 630 862 680 col.
889 642 933 692 3.
981 627 1240 690 Queritur
1257 626 1319 676 de
1340 625 1543 675 casibus
1566 624 1974 674 restitucionum.

371 723 481 786 (61)
528 722 614 773 fol.
637 732 726 784 45,
747 720 843 771 col.
873 734 914 770 Ι.
962 717 1233 780 Quesitum
1263 725 1339 766 est
1361 724 1544 765 utrum
1572 715 1727 764 liceat
1751 713 1986 763 inducere
1991 722 2182 777 pueros

249 812 360 862 doli
394 821 600 877 capaces
632 810 710 860 ad
733 808 1078 875 obligandum
1110 824 1165 857 se
1198 806 1448 873 religioni
1480 813 1593 855 voto
1623 805 1711 854 vel
1742 804 2053 863 iuramento,
2085 810 2184 851 aut

246 902 414 952 etiam
442 900 833 951 adholescentes.

373 992 485 1058 (62)
527 990 614 1041 fol.
647 1004 733 1053 49,
773 988 871 1039 col.
906 1003 955 1052 4.
1004 986 1221 1049 Quesita
1251 993 1378 1035 sunt
1401 984 1463 1034 a⁷e
1494 985 1606 1034 Deo
1626 984 1793 1049 plura
1820 990 2076 1048 quantum
2112 980 2189 1030 ad

247 1081 556 1131 essentialia
581 1088 632 1130 et
654 1087 915 1145 quantum
943 1077 1022 1127 ad
1027 1073 1371 1142 personalia.1

367 1170 517 1237 ῢιε(63)
557 1170 644 1220 fol.
679 1180 763 1233 50,
784 1168 882 1218 col.
920 1182 959 1218 Ι.
1007 1166 1264 1229 Queritur
1288 1165 1349 1215 a'e
1367 1164 1570 1214 divinis
1589 1171 1848 1229 quantum
1870 1161 1947 1211 ad
1946 1159 2183 1226 propria,

246 1268 302 1310 et
314 1260 494 1325 primo
520 1260 657 1308 circa
670 1268 954 1324 personam
969 1257 1163 1323 patris,
1191 1255 1413 1306 secundo
1439 1255 1575 1304 circa
1589 1263 1872 1319 personam
1880 1251 2009 1320 filii,
2033 1250 2183 1300 tertio

249 1350 386 1399 circa
408 1359 692 1416 personam
724 1348 956 1415 spiritus.
1041 1345 1197 1398 Circa
1214 1355 1500 1412 personam
1519 1343 1713 1410 patris,
1750 1349 2008 1408 quantum
2039 1340 2138 1389 duo
2159 1358 2183 1399 ,·

236 1440 420 1505 primo
447 1448 644 1501 utrum,
673 1445 1036 1504 circumspecto
1063 1436 1228 1498 verbo,
1244 1436 1416 1502 possit
1441 1435 1736 1500 intelligere
1759 1450 1812 1483 se
1825 1440 1996 1498 pater.

368 1527 522 1595 ἕξ(64)
565 1528 697 1580 Ibid.
724 1528 960 1579 Secundo
1005 1527 1248 1593 queritur
1287 1526 1426 1575 circa
1452 1535 1738 1590 personam
1765 1523 1960 1588 patris,
2000 1529 2184 1571 utrum

246 1619 421 1669 eodem
449 1618 598 1669 verbo
623 1618 767 1668 dicat
787 1635 842 1668 se
868 1626 918 1667 et
941 1617 1068 1667 alia.

368 1709 463 1773 ῧιὲ(6
472 1710 524 1776 5)
565 1708 654 1760 fol.
690 1719 773 1772 50,
803 1707 901 1758 col.
935 1721 980 1758 2.
1027 1706 1282 1768 Queritur
1304 1713 1490 1771 quarto
1517 1704 1579 1753 de
1592 1703 1829 1769 propriis
1840 1702 1975 1770 filio,
2003 1709 2183 1750 utrum

247 1799 451 1848 scilicet
475 1799 532 1848 in
565 1797 610 1850 C
606 1796 772 1847 liristo
798 1797 910 1847 sint
922 1797 1106 1862 plures
1115 1795 1424 1864 filiationes.

368 1884 519 1955 *(66)
542 1888 627 1938 fol.
656 1898 737 1951 50,
760 1887 858 1938 col.
890 1900 935 1937 2.
971 1886 1230 1948 Queritur
1242 1885 1422 1952 primo
1443 1885 1507 1934 de
1509 1893 1737 1949 persona
1756 1881 1979 1947 spiritus
2002 1879 2185 1930 sancti.

369 1973 521 2042 ἐιέ(67)
556 1977 647 2028 fol.
683 1987 766 2041 50,
795 1977 891 2026 col.
941 1990 984 2040 3.
1033 1975 1292 2038 Queritur
1314 1982 1496 2040 postea
1535 1973 1597 2023 de
1633 1971 1904 2031 creaturis,
1922 1970 2101 2036 primo
2126 1968 2190 2018 de

245 2067 632 2132 spiritualibus,
659 2067 879 2116 secundo
919 2067 982 2116 de
1019 2065 1386 2131 corporalibus,
1414 2064 1565 2114 tercio
1605 2063 1667 2112 de
1699 2060 1975 2127 composita
2002 2076 2066 2108 ex
2087 2058 2189 2124 spi-

253 2157 447 2206 rituali
471 2165 522 2206 et
546 2158 818 2222 corporali.
905 2156 1165 2219 Queritur
1189 2156 1364 2221 igitur
1375 2155 1557 2220 primo
1583 2153 1646 2203 de
1671 2151 1915 2218 angelica
1941 2149 2161 2215 loquela.

371 2243 522 2311 *(68)
560 2246 647 2296 fol.
685 2257 768 2311 50,
805 2246 902 2298 col.
947 2261 995 2310 4.
1044 2245 1301 2308 Queritur
1336 2245 1398 2294 a'e
1437 2243 1725 2310 cognitione
1765 2240 2010 2291 naturali
2032 2255 2190 2305 ange-

250 2336 426 2386 lorum
453 2345 713 2402 quantum
741 2337 819 2386 ad
840 2336 1185 2403 cognitionem
1211 2334 1597 2401 singularium.

369 2424 522 2490 ÷1÷(69)
559 2427 648 2478 fol.
683 2437 764 2491 51,
793 2426 893 2478 col.
936 2440 982 2477 2.
1024 2425 1159 2475 Item
1200 2424 1440 2491 queritur
1476 2423 1539 2473 a'e
1578 2421 1786 2488 angelis
1824 2427 2081 2486 quantum
2121 2417 2199 2468 ad

240 2516 507 2582 gratuita,
535 2524 584 2566 et
608 2517 742 2566 circa
776 2515 868 2566 lzoc
896 2523 1191 2582 queruntur
1217 2515 1318 2564 a'uo
1339 2534 1357 2564 .·
1383 2513 1564 2580 primo
1594 2520 1775 2562 utrum
1787 2509 2006 2576 fuerint
2034 2507 2197 2558 creati

257 2605 314 2654 in
346 2605 536 2670 gratia
557 2624 580 2666 ,·
620 2606 837 2656 secundo
876 2614 1056 2655 utrum
1106 2605 1163 2655 in
1196 2604 1378 2670 primo
1424 2602 1652 2653 instanti
1682 2599 1956 2667 potuerint
1991 2615 2096 2648 esse
2136 2597 2191 2646 in

251 2692 444 2760 culpa.2

378 2787 487 2847 (70)
537 2784 626 2835 fol.
673 2795 756 2848 51,
785 2784 886 2835 col.
916 2798 964 2847 4.
1002 2783 1318 2846 Queriturde
1354 2781 1656 2832 substancia
1682 2778 1962 2846 spirituali
1986 2776 2191 2838 unibilz,

253 2890 352 2940 que
377 2882 453 2923 est
474 2872 702 2925 anima.3

374 2962 526 3027 ἦ(71)
578 2963 717 3015 Ibid.
762 2964 798 3013 I
796 2972 897 3013 tem
944 2963 1184 3029 queritur
1231 2963 1295 3012 de
1345 2962 1532 3012 anima
1578 2967 1835 3026 quantum
1879 2957 1956 3007 aa'
1993 2964 2192 3006 statum

257 3053 612 3114 morientium,
633 3061 816 3102 utrum
838 3053 1025 3102 anima
1044 3060 1316 3117 separetur
1338 3069 1373 3101 a
1399 3060 1596 3116 corpore
1614 3049 1783 3099 subito
1803 3064 1874 3096 an
1894 3045 2189 3096 successive.

374 3141 526 3206 ὲίε(72)
579 3141 712 3193 Ibid.
759 3141 1017 3203 Queritur
1056 3141 1120 3190 de
1163 3141 1352 3190 anima
1396 3140 1546 3189 beata
1584 3146 1767 3188 utrum
1808 3134 2068 3186 beatitudo
2094 3145 2197 3200 per

245 3231 407 3297 prius
427 3231 674 3296 respiciat
696 3230 975 3281 essentiam
1003 3248 1074 3279 an
1091 3230 1403 3295 potentiam.

368 3366 491 3404 1The
517 3366 849 3417 corresponding
873 3365 1071 3416 question
1096 3366 1137 3403 in
1161 3365 1235 3403 the
1262 3365 1433 3403 Merton
1463 3364 1556 3402 MS.
1584 3362 1684 3414 (No.
1710 3362 1748 3414 1)
1777 3361 1827 3408 is,
1854 3364 1878 3383 “
1894 3360 2049 3400 Utrum
2072 3360 2192 3399 Deus

260 3434 597 3485 predestinatum
619 3433 670 3472 ab
692 3440 836 3472 eterno
857 3433 991 3484 possit
1011 3446 1094 3472 non
1114 3432 1399 3484 predestinare
1418 3432 1484 3470 vel
1505 3430 1705 3469 damnare
1721 3430 1760 3469 ’'.

370 3502 386 3526 2
402 3503 573 3541 Merton
597 3501 707 3540 Coll.
730 3502 837 3540 Nos.
861 3512 884 3548 9
906 3500 989 3539 and
1011 3512 1073 3538 10.

370 3569 573 3608 3Merton
604 3569 713 3608 Coll.
746 3569 830 3607 No.
862 3580 933 3607 11:
968 3568 1163 3607 “Utrum
1192 3574 1314 3607 actus
1343 3567 1525 3605 istarum
1544 3566 1711 3613 virium,
1732 3577 1792 3604 sc.
1822 3563 2043 3611 memorie,
2066 3563 2194 3601 intel-

258 3636 440 3688 ligentie
461 3644 504 3676 et
522 3637 774 3684 voluntatis,
797 3636 884 3675 sint
906 3635 968 3675 eis
989 3635 1240 3674 essentiales
1260 3634 1322 3674 ita
1341 3633 1454 3686 quod
1473 3645 1638 3684 semper
1660 3633 1794 3672 insint
1816 3632 1858 3670 in
1880 3639 1977 3671 actu
1994 3632 2032 3670 ”.
