2512 4034
433 198 835 250 DEFENSIO
878 197 1274 248 FRATRUM
1319 196 1960 252 MENDICANTIUM

235 1313 342 1363 410

591 343 608 372 1
629 343 794 409 Quod
824 342 866 391 si
898 341 1093 393 Christi
1123 342 1351 407 cupiunt
1379 357 1494 390 esse
1522 348 1828 404 sectatores,

591 426 888 480 Cathedras
915 442 1008 476 cur
1033 425 1282 476 ambiunt
1309 433 1364 475 et
1392 433 1624 491 querunt
1652 425 1923 479 honores?

597 513 711 563 Iam
740 513 943 578 seipsos
970 510 1178 561 faciunt
1204 509 1315 560 fieri
1343 509 1606 571 doctore5‚

591 598 665 648 Et
691 599 802 648 rabi
831 598 1097 664 recipiunt
1123 603 1177 647 et
1203 594 1499 647 scribarum
1530 613 1719 648 mores,

589 776 648 828 Si
665 775 684 804 2
710 777 802 842 qui
833 774 1049 827 Christo
1076 776 1299 841 pauperi
1327 774 1519 824 volunt
1545 774 1817 838 adherere,

588 862 699 914 Cur
725 879 832 911 non
860 868 1087 927 possunt
1116 860 1268 911 liberi
1297 859 1502 911 loculos
1529 859 1764 912 habere?
1783 861 1801 890 3

588 947 698 1014 Qui
726 945 1033 998 conformes
1060 947 1175 998 fieri
1202 946 1392 997 volunt
1421 945 1590 996 Paulo
1616 964 1757 1009 vere,

589 1032 834 1085 Manuali
861 1034 1009 1099 operi
1037 1050 1131 1083 cur
1156 1032 1348 1084 nolunt
1373 1032 1661 1084 studere?4

587 1212 767 1264 Probo
793 1212 941 1279 quod
969 1213 1055 1263 hic
1084 1215 1300 1279 penitus
1327 1214 1463 1264 ordo
1492 1232 1601 1266 non
1630 1214 1860 1275 durabit,

580 1299 727 1350 Nam
755 1301 799 1350 si
827 1301 994 1351 sumit
1022 1299 1283 1363 reddituS‚
1311 1301 1418 1351 iam
1437 1301 1455 1330 5
1482 1301 1914 1364 monachizabit;

587 1383 646 1436 Si
676 1401 804 1447 non,
834 1403 962 1436 suos
990 1385 1228 1435 ambitus
1256 1385 1427 1437 fames
1456 1388 1760 1454 occupabit,

574 1470 728 1522 -Cum
756 1471 981 1522 tandem
1010 1471 1327 1522 humanitus
1354 1474 1547 1523 caritas
1572 1472 1816 1539 gelabit.6

590 1645 823 1696 Decreta
851 1664 974 1696 cum
1006 1645 1218 1713 legibus
1245 1664 1462 1713 possem
1491 1647 1734 1714 allegare,

589 1731 662 1781 Et
687 1733 803 1782 istis
830 1731 1109 1782 ordinibus
1138 1733 1371 1783 multum
1400 1732 1617 1784 obviare
1637 1751 1648 1796 ;

590 1817 749 1867 Nunc
775 1834 951 1883 papae
976 1835 1099 1868 cum
1129 1818 1380 1868 fratribus
1406 1820 1616 1884 placeat
1644 1820 1918 1881 mandare,

592 1903 923 1954 Interdicant
948 1902 1201 1955 omnibus
1227 1913 1417 1956 votum
1447 1904 1725 1972 regulare.⁷

346 2057 361 2082 ¹
378 2058 421 2097 S.
444 2057 565 2097 omits
588 2057 656 2096 the
676 2061 775 2096 next
797 2058 908 2096 three
928 2063 1120 2097 stanzczs.
1183 2060 1232 2097 A.
1257 2060 1345 2098 and
1367 2061 1419 2098 Β.
1441 2058 1577 2100 insert
1595 2077 1663 2101 :—

670 2150 857 2201 Quilibet
878 2150 1090 2190 dimittere
1113 2159 1253 2202 potest
1275 2152 1594 2201 monachatum,

669 2219 724 2258 Et
743 2219 846 2258 libet
866 2218 1095 2258 ascendere
1117 2220 1172 2259 ad
1193 2220 1488 2272 episcopatum
1507 2233 1515 2268 ;

670 2287 770 2326 Non
791 2287 890 2327 licet
907 2286 1179 2335 descendere,
1203 2288 1246 2326 ni
1267 2289 1322 2327 sit
1341 2288 1634 2340 dispensatum
1651 2302 1660 2337 ;

670 2355 802 2406 Igitur
822 2356 1079 2407 praecellere
1098 2356 1218 2395 vides
1239 2356 1358 2396 illum
1379 2365 1551 2398 statum.

673 2473 874 2513 Ieronirni
894 2473 1023 2513 lectio
1044 2481 1191 2514 monet
1211 2475 1324 2526 quod
1347 2475 1571 2527 plangetis,

671 2542 916 2582 Monachus
936 2543 1078 2582 officio
1098 2543 1243 2592 instet,
1264 2557 1350 2583 non
1373 2544 1569 2584 docentis
1588 2557 1596 2592 ;

671 2610 787 2662 Ergo
808 2610 1069 2661 praedicatio
1089 2612 1212 2663 hujus
1234 2612 1348 2652 modi
1370 2613 1510 2664 gentis

669 2678 747 2717 Est
767 2690 817 2717 ex
838 2678 1067 2729 supercilio
1087 2680 1429 2730 praesumptivae
1450 2681 1618 2731 mentis,

347 2770 396 2809 B.
416 2771 540 2809 reads
561 2769 685 2810 docet
704 2770 748 2809 in
773 2769 979 2822 thefifth‚
1002 2771 1086 2809 and
1106 2772 1322 2811 monentis
1341 2772 1385 2810 in
1409 2772 1476 2811 the
1495 2772 1610 2812 sixth
1633 2772 1730 2813 line.

346 2856 362 2880 2
377 2856 446 2903 Et,
467 2856 518 2894 A.

386 2935 487 2970 non,
508 2923 558 2962 A.

2073 214 2171 269 179

685 2856 701 2880 3
715 2856 901 2907 implere,
926 2856 980 2897 D.
1129 2857 1145 2881 4
1161 2858 1243 2896 Cur
1263 2870 1469 2897 manuum
1491 2859 1609 2910 operi
1630 2871 1714 2898 non
1733 2857 1883 2899 volunt
1905 2858 2085 2906 studere,
2107 2859 2158 2898 A.

690 2922 706 2948 ⁶
723 2924 917 2970 cessabit,
939 2925 991 2964 A.

347 2989 363 3014 ⁷
380 2989 464 3028 For
484 2989 553 3028 the
576 2990 660 3029 last
683 2995 765 3029 two
788 2991 891 3029 lines
912 2992 962 3030 A.
982 2991 1231 3031 substitutas
1250 3009 1318 3032 :—

672 3096 766 3134 Nec
785 3108 918 3135 unum
939 3096 991 3135 de
1011 3096 1197 3136 millibus
1219 3109 1390 3148 possem
1410 3098 1627 3148 replicare.

670 3163 797 3202 Nunc
818 3175 954 3214 papae
977 3172 1018 3203 et
1036 3164 1232 3204 fratribus
1254 3166 1424 3216 placeat
1444 3166 1660 3213 mandare,

671 3229 780 3269 Cum
800 3230 927 3270 bullis
947 3232 1205 3282 patentibus,
1227 3233 1429 3285 scriptum
1451 3235 1648 3280 salutare,

670 3297 793 3348 Quod
813 3298 953 3337 nullus
975 3311 1019 3339 se
1040 3300 1192 3351 opibus
1213 3300 1365 3340 debeat
1386 3301 1562 3351 privare.

671 3365 902 3405 Prohibens
918 3367 1146 3417 juvenibus
1167 3375 1312 3406 votum
1334 3369 1538 3420 regulare.

341 3448 392 3487 S.
413 3447 534 3486 reads
555 3447 734 3487 formare
754 3449 797 3486 z'n
820 3448 887 3487 the
908 3451 1066 3497 second,
1088 3451 1175 3488 and
1194 3451 1346 3490 audeat
1366 3451 1410 3490 in
1434 3451 1501 3490 the
1510 3450 1671 3502 fourth
1693 3451 1788 3492 linc.
