2512 4034
327 302 393 351 88
1123 297 1457 349 PECHAM

330 443 403 492 Et
432 441 722 508 Gregorius
761 442 814 490 in
852 441 960 492 fine
1002 442 1189 492 Moral.
1218 440 1330 510 [lib.
1359 458 1532 491 XXXV.
1563 457 1682 506 cap.
1712 442 1830 509 xx]
1871 439 2031 492 dicit:
2074 443 2101 464 “
2126 439 2250 489 Deo

328 539 450 578 meo
487 544 559 577 ex
597 527 892 578 intentione
929 543 1016 577 me
1053 542 1397 592 summopere
1440 525 1650 590 placere
1694 524 1923 575 voluisse
1967 539 2246 589 cognoch

328 613 424 663 sed
452 611 631 663 eidem
659 614 942 663 intentioni
969 629 1072 678 qua
1110 612 1323 678 placere
1363 612 1486 661 Deo
1525 611 1718 660 studeo
1758 609 1942 660 furtim
1980 626 2036 659 se
2072 610 2252 659 nescio

327 699 603 764 quomodo
646 698 873 749 intentio
914 698 1150 748 humane
1194 697 1367 747 laudis
1418 697 1712 758 interserit;
1770 695 1916 761 quod
1967 712 2088 745 cum
2141 694 2249 744 iam

325 784 673 850 postmodum
701 784 958 849 tardeque
983 784 1241 842 discerno,
1269 782 1482 832 invenio
1510 797 1594 831 me
1619 780 1770 831 aliter
1796 797 1952 846 agere
1980 780 2120 845 quod
2140 781 2249 829 scio

327 886 414 920 me
436 870 588 920 aliter
614 869 896 919 inchoasse
913 867 953 919 ''.
1032 868 1122 917 EX
1147 868 1249 918 hiis
1276 868 1438 932 igitur
1463 875 1771 917 sanctorum
1799 866 2075 916 sententiis
2103 872 2253 931 patet

327 955 473 1021 quod
512 953 689 1005 nullus
728 961 1036 1023 sanctorum
1075 954 1127 1002 in
1167 952 1408 1003 doctrina
1446 952 1836 1019 proficientium
1868 950 2093 1002 faciliter
2120 950 2251 1000 vivit

326 1043 439 1091 sine
464 1057 604 1091 vana
641 1039 808 1106 gloria
844 1047 1170 1105 surrepente.
1252 1039 1454 1090 Utrum
1494 1038 1651 1104 igitur
1691 1037 1854 1103 aliqui
1893 1035 2255 1103 principaliter

328 1133 647 1177 moveantur
689 1143 761 1175 ex
804 1142 943 1175 vana
987 1124 1178 1190 gloria,
1228 1125 1331 1174 Dei
1376 1132 1460 1174 est
1506 1124 1773 1186 iudicare;
1837 1123 1985 1189 quod
2037 1121 2254 1188 ipsimet

328 1213 588 1278 ignorant,
613 1218 672 1262 ut
700 1211 858 1261 docet
885 1210 1173 1277 Gregorius
1199 1229 1233 1278 9
1263 1209 1471 1272 Moral.,
1496 1210 1825 1277 exponendo
1858 1209 1991 1258 illud
2028 1208 2251 1259 verbum

331 1298 444 1349 Iob.
479 1298 567 1358 [iX.
608 1299 729 1358 21]:
773 1297 877 1349 “Si
919 1297 1153 1363 simplex
1193 1296 1344 1347 fuero
1388 1296 1489 1346 hoc
1533 1297 1709 1363 ipsum
1757 1294 2029 1361 ignorabit
2072 1293 2253 1344 anima

329 1400 449 1434 mea
469 1383 504 1434 ''.
581 1383 691 1435 Sed
731 1401 837 1435 non
876 1385 990 1434 sine
1028 1400 1229 1451 magna
1264 1384 1675 1450 presumptione
1713 1383 1815 1433 hoc
1861 1381 2062 1432 audent
2104 1381 2254 1446 impii

330 1468 562 1519 diffinire
611 1467 681 1519 de
731 1468 830 1519 hiis
881 1486 1015 1534 quos
1065 1469 1254 1520 vident
1304 1469 1496 1535 spretis
1557 1466 1850 1518 honoribus
1905 1466 2147 1517 Domino
2198 1466 2252 1515 in

327 1554 632 1605 humilitate
683 1554 979 1621 penitentie
1028 1554 1295 1605 deservire
1345 1561 1399 1605 et
1461 1570 1559 1620 pro
1610 1552 1852 1603 remedio
1902 1551 2252 1618 surreptionis

328 1639 459 1690 illud
511 1639 681 1690 facere
731 1639 877 1705 quod
926 1639 1056 1690 dicit
1108 1637 1399 1705 Gregorius
1446 1640 1499 1689 in
1543 1638 1648 1689 fine
1697 1637 1886 1689 Moral.
1928 1635 2035 1702 [lib.
2074 1653 2250 1688 xxxv.

330 1741 444 1791 cap.
497 1726 618 1794 xx.]
681 1741 777 1790 pro
835 1724 1076 1775 remedio
1137 1724 1528 1775 consimilium:
1594 1728 1619 1748 “
1643 1722 1793 1785 Mihi,
1851 1724 2038 1788 inquit,
2096 1738 2255 1788 opere

330 1812 562 1877 pretium
603 1812 706 1861 hoc
745 1812 917 1873 credo,
956 1810 1102 1876 quod
1139 1810 1391 1861 fraternis
1428 1808 1643 1860 auribus
1683 1824 1846 1859 omne
1885 1808 2029 1874 quod
2069 1807 2124 1857 in
2166 1824 2255 1858 me

332 1896 562 1946 latenter
588 1896 699 1961 ipse
720 1895 1072 1961 reprehend0‚
1101 1897 1474 1946 incunctanter
1497 1894 1679 1961 aperio
1698 1911 1710 1957 ;
1737 1910 1832 1959 per
1858 1892 2254 1960 expositionem

335 1980 564 2048 patefeci
614 1981 773 2041 dona,
820 1998 914 2047 per
963 1981 1356 2032 confessionem
1402 1982 1598 2047 detego
1642 1978 1908 2031 vulnera⁷'
1932 1998 1944 2042 3
2004 1988 2058 2030 et
2109 1979 2253 2030 idem

332 2083 493 2133 supra
512 2067 651 2117 dixit
679 2068 824 2133 quod
852 2084 1035 2118 eorum
1061 2069 1230 2118 vitam
1257 2069 1511 2134 magistra
1550 2073 1837 2133 paupertas
1863 2067 2057 2116 cruciat
2085 2065 2257 2116 donec

331 2152 401 2202 ad
442 2152 818 2204 rectitudinem
860 2152 1127 2219 perducat.

442 2237 535 2288 Ad
575 2238 848 2289 decimum
887 2239 1176 2290 dicendum
1221 2239 1366 2305 quod
1414 2239 1555 2289 licite
1600 2245 1827 2305 possunt
1875 2236 2258 2287 commendare

333 2330 537 2374 statum
590 2340 743 2375 suum
796 2325 1038 2375 maxime
1080 2333 1140 2376 ut
1191 2325 1379 2376 dentes
1429 2324 1732 2375 invidorum
1784 2324 2142 2373 retundantur
2203 2328 2258 2372 et

332 2409 517 2460 devoti
562 2409 894 2472 edificentur,
941 2427 998 2460 se
1043 2411 1187 2476 ipsos
1239 2428 1364 2472 non,
1406 2411 1507 2460 nisi
1546 2410 1599 2459 in
1644 2426 1771 2459 casu
1809 2409 1945 2459 sicut
1983 2408 2258 2475 apostolus

334 2512 391 2544 se
438 2495 608 2560 ipsum
653 2494 848 2560 pluries
891 2496 1083 2562 legitur
1132 2495 1559 2557 commendasse,
1604 2503 1657 2545 et
1707 2494 1809 2544 hoc
1859 2492 2150 2560 aliquando
2200 2499 2259 2542 ut

335 2580 620 2631 audientes
672 2580 1002 2633 edificentur.
1103 2581 1263 2632 Unde
1316 2580 1606 2647 Gregorius
1666 2582 1726 2632 18
1780 2577 1852 2644 [V.
1907 2578 1995 2645 23]
2050 2578 2257 2629 Moral:

337 2666 550 2716 Morem
577 2667 655 2716 sui
683 2668 935 2716 creatoris
961 2668 1128 2718 sancti
1155 2667 1254 2718 viri
1281 2668 1554 2718 imitantes
1591 2681 1985 2732 nonnunquam
2024 2666 2257 2731 quedam

335 2752 404 2801 de
430 2769 504 2813 se,
535 2759 592 2801 ut
619 2751 898 2802 audientes
925 2753 1190 2803 instruant
1216 2768 1325 2802 non
1354 2761 1415 2803 ut
1441 2751 1542 2819 ipsi
1569 2752 1863 2818 proficiant,
1893 2750 2257 2810 manifestant,

336 2854 563 2903 quorum
592 2837 900 2904 plerumque
927 2837 1071 2889 dicta
1099 2839 1358 2889 mirantur
1381 2838 1624 2904 ypocrite
1650 2838 1746 2888 sed
1776 2837 2042 2887 dictorum
2073 2852 2260 2886 sensus

336 2925 547 2989 penitus
573 2925 833 2990 ignorant,
861 2924 985 2990 quia
1011 2924 1155 2990 quod
1195 2924 1322 2975 iusti
1359 2934 1529 2991 agunt
1565 2925 1634 2974 ad
1674 2923 1964 2974 utilitatem
2004 2922 2258 2988 proximi,

336 3009 437 3059 hoc
466 3010 565 3075 ipsi
592 3009 795 3060 faciunt
821 3010 891 3060 ad
918 3012 1294 3061 extensionem
1322 3010 1556 3061 nominis
1583 3011 1677 3062 sui.
1759 3009 1900 3059 item
1928 3010 2042 3060 xiX.
2071 3006 2261 3058 Moral.

339 3094 478 3160 [cap.
509 3093 720 3159 xxiii.]:
760 3095 1196 3161 “compelluntur
1231 3096 1399 3147 sancti
1438 3097 1604 3146 vitam
1645 3111 1797 3146 suam
1825 3095 2004 3144 dicere
2032 3100 2086 3143 ut
2112 3092 2259 3143 audi—

340 3187 520 3231 torum
560 3197 778 3232 suorum
816 3184 982 3232 vitam
1022 3183 1237 3233 valeant
1277 3190 1512 3244 mutare3
1553 3190 1609 3232 et
1648 3181 1791 3232 facta
1822 3197 1917 3231 sua
1943 3179 2174 3230 referunt
2201 3185 2261 3228 ut

342 3266 675 3317 venerationi
715 3268 850 3330 sint;
893 3269 1130 3318 venerari
1167 3277 1430 3335 appetunt
1469 3276 1529 3319 ut
1568 3274 1876 3318 reverenter
1914 3266 2194 3316 audiantur
2211 3261 2256 3315 ''.

346 3349 485 3400 Item
514 3356 743 3402 secundo
769 3352 1057 3418 aliquando
1083 3353 1266 3404 dicunt
1293 3370 1397 3419 que
1422 3353 1594 3403 laudis
1621 3369 1713 3402 sue
1740 3359 1881 3411 sunt,
1908 3358 1967 3400 ut
1994 3349 2095 3415 ipsi
2121 3350 2275 3418 inter-

342 3435 689 3488 adversitates
727 3439 1079 3492 consolentur.
1163 3439 1325 3490 Unde
1372 3439 1658 3504 Gregorius
1703 3437 1895 3488 eodem
1946 3435 2079 3485 libro
2119 3431 2255 3499 [cap.

344 3518 518 3585 xxiii]
540 3538 549 3571 :
594 3522 833 3584 Sanctus,
861 3525 1046 3590 inquit,
1079 3525 1189 3587 Iob,
1215 3524 1396 3574 “inter
1423 3531 1504 3574 tot
1532 3522 1740 3573 dolores
1766 3521 1996 3572 vulneris
2023 3527 2076 3569 et
2097 3519 2259 3569 verba

341 3606 739 3671 desperationis
768 3625 893 3659 cum
922 3610 1064 3660 bona
1091 3627 1194 3675 que
1219 3611 1344 3660 fecit
1371 3617 1551 3660 narrat
1577 3609 1728 3674 quasi
1756 3607 2053 3672 collapsum
2087 3605 2261 3655 verbis
