2512 4034
309 299 406 347 108
1100 297 1431 350 PECHAM

425 443 535 504 (89)
585 441 673 492 fol.
704 441 789 504 61,
817 442 913 493 col.
950 456 990 493 Ι.
1038 442 1296 504 Queritur
1322 442 1416 493 lioc
1445 443 1702 508 supposito
1732 444 1784 493 si
1815 444 2044 493 mundus
2063 444 2240 509 potuit

302 528 368 579 ab
395 538 562 579 eterno
603 532 774 581 creari
810 540 861 581 et
897 532 1187 581 ostenditur
1210 532 1350 597 quod
1379 532 1469 594 sic,
1509 533 1637 598 quia
1676 532 1811 582 dicit
1846 533 2139 597 Dionysius
2177 533 2239 583 de

301 617 504 669 divinz's
548 620 848 670 nominibus
865 640 884 682 ,f
924 620 1112 671 bonum
1151 630 1228 671 est
1269 622 1358 671 sui
1406 621 1723 689 diffusivum
1741 640 1766 681 ,·
1807 630 1858 671 et
1899 622 2240 688 Augustinus

299 716 476 758 contra
521 709 893 759 adversarium
935 710 1070 775 legis
1092 729 1110 760 .·
1152 710 1374 760 istorum
1413 708 1863 776 producendorum
1918 728 2076 760 causa
2124 712 2237 761 sola

301 795 508 847 bonitas
532 798 619 847 dei
627 799 762 864 fuit.

417 888 502 939 fol.
546 889 633 951 61,
661 889 756 939 col.
798 904 845 952 4.
892 888 1087 940 Contra
1107 909 1124 939 .·
1172 889 1387 940 Genesis
1426 891 1483 940 in
1510 891 1774 956 principio
1798 910 1816 941 .·
1857 891 2056 940 creavit
2093 891 2242 940 Deus

300 977 464 1027 celum
491 986 542 1027 et
566 986 776 1029 terram.
836 978 1100 1044 Loquitur
1116 977 1178 1028 de
1190 979 1455 1045 principio
1483 980 1726 1045 temporis
1751 979 1893 1046 quod
1910 980 2245 1029 continuatur

288 1075 393 1131 per
414 1066 525 1118 dies
551 1068 775 1132 inferius
802 1076 1129 1118 enumeratos
1156 1069 1212 1118 in
1247 1087 1447 1121 canone.

417 1156 503 1206 fol.
535 1157 621 1219 62,
651 1158 748 1207 col.
783 1171 829 1208 2.
871 1157 1166 1223 Responsio.
1215 1157 1424 1209 Creatio
1453 1159 1644 1209 mundi
1668 1176 1732 1208 ex
1750 1168 1973 1225 tempore
1992 1159 2242 1224 quamvis

299 1246 375 1296 sit
412 1247 671 1297 articulus
695 1247 844 1316 fidei,
888 1256 1062 1298 tamen
1106 1249 1321 1311 ratione,
1364 1257 1425 1299 ut
1457 1248 1677 1311 videtur,
1708 1257 1878 1315 potest
1914 1248 2241 1314 investigari,

302 1353 392 1385 nec
412 1334 506 1385 boc
544 1345 620 1386 est
643 1337 700 1386 in
727 1337 1087 1403 prejudicium
1108 1338 1260 1406 fidei,
1300 1338 1429 1388 dum
1457 1356 1557 1388 non
1585 1347 1802 1404 propter
1828 1339 2084 1388 rationem
2109 1337 2248 1406 fidei

301 1426 604 1488 assentitur,
631 1426 728 1476 sed
747 1427 932 1476 merito
945 1426 1083 1497 fidei
1106 1428 1184 1477 ad
1201 1429 1314 1493 ejus
1341 1428 1750 1495 intelligentiam
1765 1429 2090 1494 pervenitur.

424 1519 534 1580 (90)
584 1516 671 1567 fol.
702 1517 791 1580 63,
818 1517 916 1568 col.
960 1531 1000 1568 Ι.
1047 1516 1305 1579 Queritur
1332 1526 1513 1568 utrum
1530 1518 1949 1583 *concupiscentia
1975 1526 2025 1568 et
2050 1526 2243 1568 morta-

301 1605 432 1655 litas
456 1623 574 1655 cum
601 1606 732 1656 aliis
765 1606 1045 1672 defectibus
1073 1607 1242 1657 insint
1277 1606 1486 1657 bomini
1521 1626 1555 1657 a
1593 1626 1691 1658 sua
1720 1608 1972 1658 creatione
2011 1616 2062 1657 et
2084 1615 2245 1657 osten-

303 1694 454 1744 ditur
476 1695 617 1760 quod
635 1696 721 1746 sic.

425 1788 535 1849 (91)
584 1785 671 1836 fol.
701 1786 791 1850 65,
826 1787 923 1837 col.
962 1800 1000 1836 Ι.
1050 1786 1309 1849 Queritur
1339 1805 1411 1837 an
1443 1787 1670 1857 defectus
1700 1787 1910 1837 veniens
1940 1787 1996 1836 in
2030 1804 2122 1836 nos
2146 1795 2250 1853 per

303 1874 563 1940 originem
579 1875 752 1940 possit
774 1874 960 1925 habere
987 1877 1243 1926 rationem
1272 1877 1418 1942 culpe
1444 1885 1494 1926 et
1517 1877 1808 1927 ostenditur
1830 1876 1971 1942 quod
1989 1876 2074 1926 sic.

420 1963 555 2014 This
584 1964 718 2014 ends
739 1965 974 2015 without
995 1982 1104 2032 any
1124 1965 1364 2031 Explicit
1387 1983 1459 2016 on
1494 1967 1581 2017 fol.
1605 1967 1691 2029 66,
1722 1966 1821 2017 col.
1854 1979 1898 2029 3,
1928 1966 2060 2016 with
2089 1965 2243 2015 these

305 2052 481 2104 words
501 2074 511 2104 :
557 2053 698 2116 Quia
713 2055 766 2104 si
784 2064 1129 2120 recuperasset
1145 2055 1459 2122 originalem
1482 2056 1746 2106 iustitiam
1767 2064 2048 2121 antequam
2062 2071 2245 2121 gener-

303 2151 454 2204 asset,
504 2161 603 2193 non
645 2145 973 2209 apparuisset
1016 2145 1225 2195 iustitia
1259 2146 1536 2211 punientis
1580 2163 1669 2195 nec
1710 2145 2070 2195 misericordia
2114 2144 2246 2194 redi-

305 2233 505 2284 mentis.
586 2233 706 2284 The
736 2233 849 2285 MS.
881 2235 924 2285 is
955 2234 1234 2301 evidently
1263 2234 1567 2297 mutilated,
1597 2236 1698 2286 but
1725 2235 1819 2286 the
1848 2242 2144 2285 statement
2172 2250 2244 2284 on

306 2322 393 2372 fol.
432 2336 511 2386 19,
538 2323 636 2374 col.
670 2337 718 2387 3,
746 2323 951 2389 quoted
979 2324 1154 2374 above
1182 2325 1225 2375 is
1254 2333 1352 2375 not
1379 2333 1516 2387 true,
1550 2325 1631 2375 for
1651 2324 1713 2375 of
1739 2324 1832 2375 the
1864 2335 1930 2388 54
1960 2325 2243 2390 questions

308 2411 461 2462 there
515 2412 630 2462 said
685 2422 744 2463 to
798 2414 864 2463 be
918 2414 1174 2479 wanting,
1228 2414 1430 2464 several
1483 2431 1574 2464 are
1621 2413 1792 2464 found
1845 2414 1985 2476 here,
2041 2431 2099 2463 as
2165 2413 2246 2463 for

306 2501 598 2567 example:
639 2510 821 2552 utrum
856 2519 937 2552 res
970 2511 1347 2553 conservantur
1377 2522 1411 2553 a
1446 2504 1571 2565 Deo,
1611 2512 1791 2553 utrum
1828 2503 1979 2569 virgo
2010 2510 2248 2568 corrupta

307 2590 452 2640 corde
476 2591 571 2640 sed
590 2609 690 2641 non
719 2601 916 2657 corpore
945 2591 1135 2642 babeat
1156 2593 1444 2654 aureolam,
1472 2593 1579 2643 and
1607 2593 1804 2643 others,

423 2679 506 2731 Of
526 2680 618 2730 the
657 2685 816 2731 other
843 2681 1019 2731 works
1059 2682 1121 2731 of
1156 2682 1405 2744 Pecham,
1451 2683 1472 2731 Ι
1517 2683 1763 2732 mention
1792 2682 1848 2732 in
1890 2682 2113 2747 passing
2155 2680 2248 2731 the

309 2769 565 2819 Formula
612 2770 988 2835 confessionum
1035 2771 1176 2821 edita
1221 2790 1256 2821 a
1281 2772 1467 2836 fratre
1494 2771 1544 2839 J
1541 2770 1746 2821 ohanne
1789 2771 1853 2820 de
1891 2770 2143 2820 Pecciano
2189 2768 2251 2819 de

308 2858 491 2908 ordine
502 2859 754 2923 fratrum
782 2860 1049 2909 minorum
1077 2860 1283 2910 domini
1293 2870 1432 2927 pape
1448 2860 1838 2927 penitentiariO,
1870 2858 2158 2926 preserved
2190 2860 2246 2908 in

309 2966 339 2998 a
386 2948 500 3000 MS.
544 2949 801 3016 formerly
845 2949 895 3000 S.
943 2949 1115 3000 Croce
1156 2965 1282 3014 444,
1321 2968 1443 3001 now
1485 2952 1539 3000 in
1577 2950 1669 3001 the
1718 2949 1977 3001 National
2003 2948 2248 3015 Library,

309 3055 461 3089 eonV.
505 3055 683 3104 soppr.
727 3039 783 3089 F.
828 3040 880 3090 6.
914 3042 1035 3103 855.
1117 3040 1238 3090 The
1282 3040 1394 3091 MS.
1427 3041 1471 3090 is
1512 3040 1838 3106 beautifully
1876 3040 2093 3090 written
2133 3038 2249 3088 and

312 3145 421 3177 was
449 3126 679 3177 finished
717 3128 845 3179 16th
871 3128 1029 3193 June,
1068 3142 1223 3193 1433.

423 3215 542 3266 The
614 3217 894 3267 Tractatus
945 3218 1203 3283 pauperis
1254 3235 1315 3268 or
1378 3218 1441 3267 de
1476 3218 1791 3283 peifectione
1854 3217 2155 3283 evangelica
2207 3217 2250 3265 is

311 3306 596 3370 preserved
626 3308 681 3356 in
721 3316 828 3357 two
858 3307 1187 3358 Laurentian
1234 3307 1393 3360 MSS.
1437 3308 1694 3374 formerly
1737 3309 1790 3357 in
1833 3308 1927 3358 the
1967 3306 2164 3372 library
2194 3304 2254 3355 of

312 3392 364 3444 S.
407 3393 594 3457 Croce,
630 3397 861 3463 namely‚
898 3398 1058 3447 xxxi.
1099 3398 1194 3448 sin.
1240 3410 1288 3461 3,
1324 3396 1433 3447 and
1470 3398 1669 3448 xxxvi.
1706 3396 1882 3447 dextr.
1929 3410 2025 3446 12:
2066 3396 2120 3445 in
2157 3394 2271 3445 the

318 3482 474 3532 latter
504 3484 597 3533 the
625 3484 742 3534 title
770 3485 881 3550 (fol.
914 3487 1005 3552 32)
1033 3503 1163 3536 runs
1185 3506 1268 3536 :—

428 3571 623 3636 Incipit
673 3582 928 3624 tractatus
966 3576 1221 3640 pauperis
1286 3584 1460 3624 contra
1530 3557 1863 3639 insipientem
1918 3573 2248 3622 novellarum

312 3658 553 3709 heresum
597 3663 913 3727 confictorem
962 3664 1098 3712 circa
1143 3665 1501 3729 evangelicam
1534 3663 1904 3728 perfectionem
1945 3661 2253 3726 compositus
