2512 4034
348 309 414 359 26
1137 301 1467 354 PECHAM

340 466 592 517 expresse
629 450 680 500 in
719 448 1012 515 evangelio,
1091 447 1201 500 Sed
1241 455 1323 498 est
1361 447 1566 497 bonum
1594 451 1648 495 et
1688 442 1986 511 perfectum
2013 460 2108 510 per
2133 445 2270 495 acci-

341 537 475 587 dens
500 537 553 586 in
581 542 844 601 quantum
869 533 1145 584 ordinatur
1169 532 1238 583 ad
1276 533 1480 583 bonum
1519 531 1700 580 anime
1737 528 2184 595 promovendum,
2211 531 2273 579 in

343 621 565 672 modum
593 636 773 671 amare
799 619 1072 679 medicine,
1099 618 1183 668 vel
1210 616 1412 668 malum
1439 615 1592 682 culpe
1615 613 2030 665 excludendum.
2106 614 2267 666 Ordi-

340 714 496 759 natur
521 714 701 757 autem
731 707 785 755 in
811 721 1005 771 genere
1031 703 1100 754 ad
1126 704 1241 763 tria,
1266 701 1352 753 v²el
1387 701 1457 753 ad
1485 707 1767 767 peccatum
1806 700 2155 766 puniendum,
2182 699 2265 749 vel

339 793 407 844 ad
447 799 727 860 peccatum
766 788 1178 857 precavendum,
1205 787 1287 838 vel
1326 788 1395 838 ad
1433 789 1635 838 victum
1667 786 2031 836 necessarium
2056 785 2157 836 sibi
2183 785 2269 836 vel

339 878 458 929 aliis
477 875 905 944 perquirendum.
943 917 953 927 .
990 916 1001 926 .
1040 872 1165 925 ,Ad
1196 876 1265 925 8ἴῃ
1302 873 1627 924 dicendum1
1651 871 1802 937 quod
1829 870 1963 921 liber
1982 869 2071 921 ille
2090 869 2266 937 loqui-

337 971 424 1015 tur
460 972 647 1014 contra
684 960 948 1029 quosdam
986 960 1245 1010 hereticos
1299 999 1310 1009 .
1360 1001 1371 1012 .
1424 1001 1433 1011 .
1490 965 1788 1009 asserentes
1833 955 2110 1008 monachis
2156 974 2268 1006 non

339 1048 496 1101 licere
520 1047 870 1100 sustentande
896 1047 1005 1096 vite
1029 1062 1190 1096 causa
1215 1043 1417 1110 aliquid
1443 1044 1671 1111 operari,
1690 1052 1743 1094 et
1761 1042 1908 1110 quod
1927 1050 2115 1094 contra
2135 1043 2274 1092 istos«

339 1136 521 1187 scribit
561 1134 895 1199 Augustinus
931 1131 1126 1182 librum
1163 1130 1232 1181 de
1282 1146 1448 1197 opere
1499 1129 1882 1181 monachorum
1937 1136 2100 1196 patet.
2143 1171 2152 1180 .
2199 1168 2211 1179 .
2257 1170 2267 1179 .

343 1221 595 1288 Amplius
622 1221 664 1270 si
705 1217 951 1269 monachi
991 1224 1245 1268 tenentur
1280 1215 1536 1277 laborare,
1566 1216 1933 1282 dampnantur
1971 1230 2163 1264 omnes
2201 1213 2270 1263 de

338 1308 525 1359 ordine
571 1305 628 1359 S.
673 1303 969 1365 Benedicti,
1004 1302 1149 1368 quod
1195 1301 1349 1353 absit.
1426 1301 1486 1353 Si
1531 1301 1679 1352 dicas
1723 1319 1813 1352 eos
1857 1301 2101 1351 excusari
2147 1298 2278 1365 quia

339 1391 730 1460 temporalibus
767 1390 1057 1450 abundant,
1095 1389 1197 1439 hoc
1238 1386 1436 1455 duplici
1482 1389 1689 1439 ratione
1735 1395 1886 1453 patet
1937 1403 2046 1437 non
2096 1385 2269 1436 solum

340 1479 603 1540 frivolum,
642 1477 737 1528 sed
776 1478 939 1527 etiam
980 1477 1241 1536 insanum,
1279 1483 1334 1525 et
1370 1474 1608 1525 cecitatis
1648 1490 1844 1541 magne
1881 1472 2269 1524 testimonium.

346 1565 468 1632 Ipsa
496 1566 638 1615 enim
666 1563 982 1629 temporalia
1008 1579 1100 1612 sua
1139 1562 1309 1627 pretia
1346 1568 1469 1611 sunt
1508 1568 1847 1626 peccatorum
1887 1567 1942 1609 et
1978 1558 2280 1609 elemosine:

342 1654 570 1719 piorum.
650 1650 724 1701 Et
761 1650 890 1700 satis
928 1649 1221 1699 absurdum
1260 1655 1343 1698 est
1381 1647 1556 1697 dicere
1595 1646 1742 1713 quod
1780 1646 1857 1696 eis
1889 1647 2123 1711 recipere
2149 1644 2278 1693 licet

343 1739 584 1789 maxima
611 1745 665 1788 et
691 1735 1122 1802 splendidissima
1149 1733 1348 1800 predia,
1373 1741 1427 1783 et
1461 1749 1567 1783 non
1608 1733 1764 1783 licere
1802 1731 1918 1782 aliis
1956 1718 2062 1781 non
2100 1731 2274 1780 minus

340 1823 559 1875 ecclesie
596 1823 814 1874 utilibus
853 1822 1082 1888 recipere
1120 1839 1151 1870 a
1191 1821 1389 1887 pietate
1426 1819 1665 1870 fidelium
1694 1819 1908 1869 modica
1934 1826 1989 1868 et
2013 1814 2138 1867 Vilia
2162 1816 2281 1866 vite

342 1911 651 1960 necessaria.
727 1908 994 1974 Amplius,
1023 1916 1081 1957 ut
1105 1907 1304 1957 dictum
1332 1915 1427 1964 est,
1453 1904 1604 1956 labor
1641 1905 2003 1972 principaliter
2028 1904 2280 1953 inventus-

343 2003 427 2046 est
466 2012 563 2061 pro
590 1995 701 2045 otio
728 1993 1096 2044 excludendo:
1135 1994 1297 2058 igitur
1331 1991 1606 2042 affluentia
1643 1976 2020 2057 temporalium
2060 1989 2128 2040 ab
2166 1987 2277 2038 eius

344 2081 671 2147 obligatione
721 2097 827 2130 non
876 2078 1119 2140 absolvit,
1163 2079 1262 2128 nisi
1313 2078 1428 2128 aliis
1478 2077 1665 2128 officiis
1714 2083 2105 2142 compensetur.
2184 2072 2277 2123 Ad

345 2176 416 2233 9Ῐῃ
449 2166 734 2217 dicendum
763 2165 907 2231 quod
935 2164 1008 2214 illi
1034 2165 1126 2230 qui
1152 2181 1223 2213 ex
1250 2162 1572 2229 professione
1596 2162 1665 2213 ad
1692 2162 1927 2213 laborem
1949 2158 2274 2227 corporalem

347 2261 607 2315 tenentur,
638 2259 861 2318 peccant
882 2268 987 2301 non
1005 2250 1313 2310 laborando,
1330 2250 1431 2299 nisi
1454 2249 1606 2300 labor
1626 2250 1679 2298 in
1700 2248 1889 2298 melius
1907 2253 2286 2297 commutetur*

351 2380 363 2391 .
409 2378 419 2387 .
465 2380 476 2390 .
518 2337 658 2406 Quia
709 2338 871 2403 igitur
920 2337 1197 2387 infirmitas
1247 2336 1484 2386 humana
1534 2336 1629 2385 vix
1671 2335 1997 2400 compatitur
2040 2332 2276 2382 laborem

345 2426 577 2491 corporis
604 2424 970 2475 distractivum
989 2421 1006 2449 2
1044 2423 1256 2489 spiritus
1285 2422 1452 2488 quieti
1485 2421 1806 2488 permisceri,
1836 2419 2210 2470 intermittitur
2247 2434 2279 2466 a

352 2509 626 2561 monachis
675 2509 823 2560 labor
870 2509 1104 2575 corporis
1155 2516 1214 2558 ut
1262 2507 1490 2558 validius
1541 2507 1789 2557 insistant
1839 2505 2008 2556 labori
2072 2504 2289 2562 mentis>

349 2596 548 2647 scilicet
566 2594 584 2622 3
612 2595 882 2662 vigilantie
907 2593 1386 2660 contemplationis
1429 2633 1439 2643 .
1485 2635 1494 2644 .
1539 2634 1548 2644 .
1572 2592 1707 2658 (Io)
1735 2590 1828 2641 Ad
1852 2591 2072 2641 verbum
2101 2588 2289 2654 regule·

352 2682 495 2732 beati
526 2681 791 2731 Francisci
818 2679 1099 2730 dicendum
1126 2678 1273 2745 quod
1300 2677 1429 2728 nihil
1458 2677 1600 2728 aliud
1628 2677 1700 2727 ibi
1726 2677 1920 2727 dicitur
1944 2691 2105 2742 quam
2138 2673 2285 2741 quod

353 2768 580 2818 habetur
617 2785 648 2818 a
684 2765 846 2817 beato
884 2766 1045 2816 Petro
1082 2764 1327 2831 apostolo
1363 2764 1606 2813 dicente:
1653 2766 1679 2788 “
1704 2762 2090 2829 Unusquisque
2129 2766 2288 2826 prout

353 2854 560 2920 accepit
585 2853 813 2918 gratiam
852 2851 999 2901 illam
1039 2851 1093 2900 in
1130 2848 1445 2900 alterutrum
1485 2845 2036 2899 administrantes:''4
2072 2847 2146 2896 sic
2186 2846 2288 2895 iste

356 2939 517 2990 dicit:
558 2938 816 2989 “Fratres
867 2936 1055 3003 quibus
1107 2936 1374 2986 Dominus
1424 2935 1573 2985 dedit
1611 2935 1841 3000 gratiam
1887 2922 2167 2984 laborandi
2213 2931 2292 2981 la-

356 3023 600 3076 borent”.
682 3023 807 3073 Non
833 3022 974 3073 dixit
1013 3038 1203 3072 omnes
1232 3020 1417 3072 fratres
1456 3020 1712 3077 laborent,
1738 3020 1822 3069 vel
1861 3019 2038 3069 clerici
2066 3017 2287 3077 dimissa

357 3109 582 3161 lectione
626 3118 679 3160 et
722 3108 1083 3176 predicatione
1125 3106 1382 3169 laborent,
1425 3106 1519 3156 sed
1571 3105 1763 3172 quibus
1814 3104 1964 3154 dedit
2016 3103 2292 3154 Dominus

357 3197 585 3262 gratiam
613 3196 869 3246 laborent.
949 3194 1071 3244 Hoc
1097 3201 1277 3244 autem
1294 3193 1586 3259 capitulum
1605 3192 1776 3258 magis
1795 3198 1909 3241 erat
1929 3189 2285 3240 necessarium

359 3282 411 3330 in
435 3282 633 3331 ordinis
660 3280 930 3347 principio,
958 3278 1172 3345 quando
1199 3279 1354 3328 multi
1382 3278 1664 3343 simpliceS,
1693 3277 1878 3342 spiritu
1916 3275 2194 3333 ferventeS‚
2219 3272 2291 3323 ad

359 3365 598 3416 ordinem
626 3366 924 3427 veniebant,
945 3364 1187 3414 ordinem
1214 3380 1311 3429 per
1338 3363 1601 3413 mundum
1630 3361 1917 3412 dilatantes
1936 3368 2068 3410 nutu
2088 3358 2292 3418 divinof

738 3483 752 3506 1
769 3484 871 3523 B.V.
893 3483 1024 3522 insert
1044 3481 1171 3533 afew
1195 3480 1300 3520 lines
1321 3481 1416 3520 here
1435 3480 1606 3519 omitted
1626 3479 1669 3518 in
1692 3481 1743 3519 Ο.

739 3550 817 3588 2V.
840 3549 1168 3588 destructivum:
1201 3561 1276 3587 om.
1299 3548 1486 3599 spiritus.

743 3618 759 3641 2³
779 3617 883 3657 RV.
904 3629 981 3656 om.
1003 3616 1175 3655 scilicet.
1559 3614 1575 3638 ⁴
1593 3626 1612 3652 1
1637 3615 1729 3653 Pet.
1754 3614 1808 3652 iv.
1835 3625 1896 3651 10.
