2512 4034
1287 915 1562 967 NOTES.

575 1071 655 1124 25.
697 1059 800 1111 See
815 1058 1101 1126 seremz'ale
1131 1059 1279 1109 xviii.
1310 1076 1357 1123 4,
1389 1061 1434 1110 6.

568 1155 747 1209 45—52.
787 1144 906 1194 The
945 1145 1233 1194 admission
1271 1144 1334 1194 of
1369 1161 1511 1195 mere
1550 1146 1665 1196 lads
1706 1152 1764 1195 to
1803 1146 1897 1196 the
1937 1144 2140 1196 Orders
2183 1146 2392 1212 against

460 1231 556 1281 the
582 1230 774 1281 wishes
800 1230 862 1280 of
887 1229 1024 1281 their
1051 1236 1270 1296 parents
1294 1248 1403 1280 was
1430 1248 1461 1280 a
1491 1239 1684 1281 matter
1709 1230 1771 1280 of
1801 1247 2052 1281 common
2080 1232 2383 1298 complaint.

463 1316 582 1367 The
608 1316 806 1367 second
835 1316 897 1366 of
929 1316 1081 1366 these
1106 1323 1320 1366 stanzas
1347 1317 1532 1367 recalls
1563 1316 1914 1367 Salimbene’s
1942 1325 2091 1383 story
2117 1316 2179 1367 of
2211 1317 2331 1367 how
2357 1336 2392 1368 a

462 1401 634 1452 friend
661 1400 723 1452 of
742 1402 822 1451 his
847 1402 1021 1452 father
1046 1400 1212 1452 found
1239 1402 1350 1451 him
1379 1401 1615 1468 begging
1641 1420 1698 1452 as
1726 1419 1757 1452 a
1788 1402 1895 1467 boy
1923 1402 1984 1451 of
2016 1410 2303 1453 seventeen
2332 1404 2387 1452 in

462 1488 555 1538 the
592 1496 783 1539 streets
821 1487 883 1537 of
914 1489 1075 1539 Pisas
1134 1491 1165 1512 “
1191 1485 1437 1538 Occurrit
1479 1488 1606 1537 mihi
1634 1488 1856 1554 quidam
1886 1488 2062 1548 hom0‚
2091 1506 2254 1554 quem
2283 1505 2390 1538 non

461 1574 865 1641 cognoscebam,
890 1581 944 1623 et
983 1573 1124 1624 dixit
1164 1591 1221 1624 se
1260 1590 1377 1625 esse
1419 1574 1769 1624 Parmensem
1791 1593 1801 1637 3
1844 1582 1898 1624 et
1923 1575 2066 1640 cepit
2094 1590 2180 1625 me
2206 1581 2392 1625 tenere

462 1668 516 1711 et
555 1660 743 1711 acriter
781 1662 1053 1727 increpare
1093 1668 1146 1711 et
1184 1660 1511 1725 vilipendere
1538 1660 1669 1710 dure
1696 1667 1750 1711 et
1777 1660 1978 1710 dicere:
2023 1660 2181 1711 Vade
2210 1661 2388 1722 miser,

461 1747 625 1798 vade!
706 1746 869 1796 Multi
909 1746 1217 1796 mercenarii
1257 1748 1310 1795 in
1351 1747 1513 1796 domo
1553 1748 1718 1812 patris
1746 1747 1824 1796 tui
1852 1745 2081 1813 panibus
2108 1745 2390 1797 abundant

465 1841 519 1884 et
558 1833 823 1895 carnibuS,
854 1840 907 1882 et
952 1840 1010 1883 tu
1054 1833 1205 1882 vadis
1242 1833 1518 1883 hostiatim
1558 1833 1917 1883 mendicando
1955 1849 2150 1899 panem
2195 1831 2264 1883 ab
2309 1832 2392 1882 his

464 1919 555 1985 qui
594 1936 702 1969 non
741 1918 955 1980 habent,
991 1934 1113 1968 cum
1150 1936 1332 1984 posses
1371 1927 1428 1969 tu
1471 1919 1652 1969 multis
1688 1918 2015 1985 pauperibus
2053 1917 2396 1969 abundanter

464 2004 711 2056 tribuere.
791 2005 1033 2055 Deberes
1061 2004 1222 2054 modo
1248 2022 1371 2054 cum
1400 2004 1672 2055 dextrario
1699 2021 1793 2070 per
1824 2005 2073 2054 Parmam
2099 2004 2393 2054 discurrere

468 2099 523 2142 et
574 2107 696 2141 cum
744 2090 1036 2141 hastiludio
1087 2091 1263 2141 tristes
1309 2092 1446 2140 letos
1498 2091 1721 2151 efficere,
1765 2098 1824 2141 ut
1873 2107 2016 2140 esses
2070 2088 2391 2140 dominabus

466 2177 833 2244 spectaculum
885 2184 938 2225 et
988 2176 1319 2241 ystrionibus
1371 2177 1676 2227 consolatio,
1772 2176 1913 2225 Nam
1967 2183 2019 2226 et
2068 2181 2218 2241 pater
2267 2182 2394 2225 tuus

466 2264 649 2314 dolore
687 2263 1037 2324 consumitur,
1068 2269 1121 2311 et
1161 2269 1333 2312 mater
1371 2269 1466 2312 tua
1507 2279 1690 2313 amore
1727 2262 1818 2324 tui,
1860 2278 2021 2326 quem
2061 2261 2241 2311 videre
2280 2277 2390 2311 non

466 2355 659 2415 potest,
697 2349 850 2414 quasi
889 2348 957 2398 de
998 2347 1119 2397 Deo
1158 2347 1410 2414 desperat
1431 2348 1471 2400 ''.
1559 2348 1846 2400 Chrom'con
1885 2364 1967 2412 ap.
2006 2347 2158 2398 Mon.
2207 2345 2386 2399 Germ.

469 2435 611 2486 Hz‘st.
643 2434 832 2501 script.
864 2434 1043 2486 xxxii.
1076 2444 1156 2497 45.
1260 2433 1365 2485 See
1403 2434 1516 2485 also
1557 2434 1808 2494 Coulton‚
1836 2433 2000 2485 From
2043 2434 2126 2485 St.
2172 2435 2393 2484 Francis

468 2530 517 2572 to
556 2521 746 2581 Dante,
786 2537 874 2587 pp.
909 2532 1086 2585 42-47‘
1130 2531 1210 2584 50,
1255 2532 1335 2584 51.
1418 2520 1524 2571 566
1561 2520 1676 2571 also
1713 2538 1745 2571 a
1783 2528 1931 2587 story
1967 2520 2028 2571 of
2061 2520 2391 2572 Eccleston's

470 2625 554 2674 ap.
597 2607 951 2657 Monumenta
989 2606 1365 2667 ancz'scana,
1408 2607 1437 2657 i.
1477 2608 1561 2659 60.

579 2706 662 2757 73.
706 2692 811 2744 See
837 2693 987 2745 Fz'rst
1008 2694 1210 2760 Epz'stle
1237 2695 1304 2756 of
1321 2692 1401 2745 St.
1425 2692 1569 2760 John
1595 2693 1647 2745 ii.
1684 2694 1759 2744 16.

582 2791 664 2843 77.
709 2779 813 2830 566
840 2780 974 2830 Acts
999 2798 1041 2831 v.
1075 2794 1254 2846 34-39.

582 2868 661 2928 89.
704 2864 823 2915 The
873 2865 1140 2916 reference
1191 2866 1233 2916 is
1286 2874 1343 2915 to
1395 2865 1474 2918 St.
1530 2864 1758 2931 Antony
1806 2865 1900 2915 the
1952 2863 2217 2916 Thebaid.
2308 2862 2385 2928 Cf.

488 2953 641 3004 Vitae
678 2951 927 3013 patrum,
976 2952 1061 3003 ed.
1111 2944 1381 3017 Rosweyd
1435 2952 1633 3017 (1628),
1678 2968 1728 3017 p.
1783 2952 1918 3002 620:
1974 2950 2147 3001 “Vidi
2199 2965 2390 3000 omnes

472 3038 691 3104 laqueos
728 3037 926 3087 inimici
963 3045 1144 3088 tentos
1183 3039 1235 3087 in
1275 3035 1455 3099 terra,’'
1496 3045 1591 3088 ete.

580 3141 665 3192 94.
710 3123 811 3174 See
836 3124 1059 3174 Psalms
1083 3125 1165 3174 cii.
1193 3125 1226 3174 6
1254 3123 1360 3173 and
1387 3122 1581 3173 Isaz‘alz
1607 3123 1798 3173 xxxiv.
1834 3136 1853 3172 1
1871 3137 1912 3172 1.

581 3212 666 3277 96.
711 3209 975 3276 Compare
1019 3209 1296 3261 Canticum
1348 3209 1625 3274 Pauperis,
1677 3226 1725 3274 p.
1785 3221 1908 3273 135:
1967 3207 2286 3274 ‘Analytica
2335 3205 2388 3254 in

472 3298 697 3347 domum
762 3296 989 3346 Daedali
1051 3295 1282 3346 ducebat
1343 3295 1636 3345 involutam
1661 3294 1693 3345 ’.
1796 3294 1905 3344 For
1965 3293 2137 3345 ‘mola
2198 3292 2392 3357 Samp-

476 3380 647 3443 soniS,'
686 3397 773 3431 see
801 3382 1012 3449 sudges
1049 3381 1153 3430 xvi.
1197 3396 1280 3433 21.

593 3481 704 3530 114.
750 3466 853 3517 See
877 3466 1145 3517 Matthew
1171 3467 1291 3518 xix.
1330 3481 1402 3528 14.

590 3566 705 3604 121.
749 3551 853 3603 See
878 3550 1097 3601 Exodus
1122 3551 1276 3603 xxiii.
1311 3561 1335 3613 5
1365 3551 1471 3600 and
1491 3551 1884 3684 ffeuteronoffny
1909 3549 2045 3602 xxii.
2077 3544 2149 3612 4.

1364 3628 1485 3689 (192
