2512 4034
374 277 393 314 1
404 264 473 326 64

384 1867 484 1906 100

1162 257 1492 310 PECHAM

713 404 951 455 Mundus
976 403 1303 454 antifrastice
1324 401 1340 430 1
1368 401 1603 453 mundus
1629 408 1978 466 nuncupatur,

710 490 854 540 Nam
883 489 1013 540 fetet
1039 488 1293 550 horrifice,
1322 487 1516 537 mirum
1544 485 1686 551 quod
1712 492 1924 535 amatur
1944 501 1955 548 3
1976 483 1994 512 2

716 576 779 625 In
807 582 1111 626 sanctorum
1132 577 1151 606 3
1175 573 1357 624 codice
1383 571 1540 622 rebus
1567 578 1927 636 comparatur,

719 661 843 728 Que
868 660 950 711 vel
979 667 1106 710 sunt
1133 657 1389 719 malefice,
1416 656 1500 707 vel
1521 655 1712 721 quibus
1738 662 1960 706 erratur.

716 800 874 852 Vidit
900 800 1042 849 hunc
1074 797 1344 849 Antonius
1372 797 1576 863 laqueis
1605 796 1841 856 retitum,

715 886 945 936 Necnon
971 883 1192 950 quidem
1213 883 1231 913 5
1258 884 1390 934 alius
1419 882 1621 933 facibus
1648 882 1877 947 ignitum
1903 897 1912 940 ;
1937 879 1955 909 6

719 971 882 1021 Hunc
909 977 1136 1020 cernunt
1163 969 1396 1018 exterius
1423 967 1556 1018 fatui
1578 967 1596 997 ⁷
1624 966 1906 1028 mellitum,

720 1057 827 1124 Qui
856 1064 1038 1106 tamen
1063 1054 1325 1121 posterius
1353 1053 1518 1104 trahit
1543 1052 1612 1102 ad
1642 1051 1942 1104 Cochitum.

726 1197 833 1247 Hic
860 1203 941 1246 est
967 1195 1109 1245 locus
1136 1193 1388 1254 scandali,
1416 1193 1572 1243 turris
1602 1190 1893 1252 Babilonis,

721 1282 930 1332 Domus
957 1277 1367 1339 honotrochali,8
1392 1278 1565 1328 cubile
1593 1277 1860 1338 draconiS‚

720 1367 963 1418 Mundus
990 1374 1071 1417 est
1098 1365 1217 1416 fons
1245 1364 1476 1425 Tantali,
1504 1380 1703 1430 pascua
1729 1361 1931 1424 leoniS‚9

722 1452 1040 1503 Laberintus
1070 1451 1280 1512 DedaH,
1307 1459 1361 1500 et
1386 1451 1531 1501 mola
1554 1449 1935 1515 sampsonis.10

723 1593 962 1644 Tantum
989 1609 1134 1642 nunc
1160 1592 1379 1659 erigitur
1401 1592 1441 1621 Π
1469 1591 1675 1657 nephas
1703 1589 2103 1639 mundanorum

726 1678 888 1746 Quod
916 1679 1049 1729 fetor
1074 1677 1347 1728 extollitur
1368 1676 1409 1705 12
1436 1676 1506 1727 ad
1532 1681 1676 1727 astra
1702 1675 1952 1726 celorum.

725 1765 895 1816 Miror
922 1763 1066 1830 quod
1094 1756 1200 1813 non
1226 1761 1446 1814 soluitur
1473 1760 1717 1829 princeps
1744 1759 2156 1826 superborum,13

727 1850 890 1917 Quod
916 1856 1057 1900 terra
1085 1866 1194 1899 non
1221 1848 1479 1898 scinditur
1504 1848 1600 1898 sub
1629 1846 1821 1913 plantis
1849 1862 2052 1898 eorum.

491 1965 505 1988 1
525 1963 780 2010 antifrasice‚
805 1963 870 2010 D.‚
895 1962 938 2000 S.
957 1972 965 2008 3
995 1960 1291 2011 antiphratice‚
1314 1961 1365 1998 A.

489 2032 505 2057 2
523 2030 711 2071 Mundus
730 2030 800 2069 hic
819 2029 997 2068 erratice
1013 2028 1169 2079 jugiter
1191 2034 1365 2074 rotatur,
1385 2028 1435 2066 A.
1655 2026 1671 2050 3
1686 2026 1814 2064 Sacro
1835 2024 2017 2076 quidem,
2039 2025 2088 2063 A.

491 2100 507 2123 ‘³
522 2098 614 2149 Que
634 2104 731 2137 sunt
750 2097 818 2136 vel
834 2095 1031 2142 malifice,
1055 2102 1096 2134 et
1115 2094 1267 2146 quibus
1288 2102 1460 2141 artatur,
1481 2094 1535 2132 D.
1660 2094 1675 2117 5
1689 2105 1812 2139 unus,
1834 2094 1885 2132 A.

491 2166 507 2191 ⁶
522 2164 702 2205 fastibus
722 2163 915 2210 innitum,
940 2163 994 2201 D.
1655 2160 1671 2185 7
1684 2160 1817 2200 cernit
1837 2159 2019 2199 exterius
2039 2158 2161 2206 facie,
2184 2159 2233 2198 C.

492 2233 508 2258 8
523 2231 771 2278 anacrotali,
794 2231 840 2270 C.
860 2241 869 2277 ;
901 2228 1150 2275 onocrotali,
1175 2231 1222 2268 A.
1660 2227 1676 2252 9
1691 2234 1784 2267 rota
1805 2227 1975 2274 Ixionis,
1997 2228 2047 2266 A.

492 2301 528 2327 1⁰
545 2312 678 2352 equus
700 2298 900 2345 Simonis,
922 2298 972 2344 A,
992 2309 1000 2344 ;
1033 2296 1162 2335 decus
1184 2296 1383 2343 Simonis,
1406 2296 1449 2335 S.
1509 2297 1557 2335 B.
1580 2295 1728 2335 inserts
1752 2294 1862 2334 three
1881 2298 2056 2334 stanzas
2074 2310 2141 2334 :—

815 2380 899 2420 Hic
920 2387 984 2419 est
1004 2378 1143 2418 Nabal
1164 2379 1322 2418 inscius
1342 2385 1384 2417 et
1407 2377 1547 2416 Midas
1568 2384 1754 2424 auratus,

816 2447 901 2487 Hic
923 2446 1098 2486 Goliath
1118 2446 1297 2497 spurius,
1323 2445 1578 2496 Demophon
1600 2445 1736 2484 elatus

816 2517 958 2555 Draco
977 2514 1246 2566 babylonius,
1271 2514 1484 2553 Cerberon
1506 2521 1726 2565 spumatus

818 2583 904 2622 Hic
925 2583 1113 2622 Absalon
1135 2582 1300 2633 impius,
1323 2584 1510 2621 Actaeon
1531 2587 1732 2620 mutatus.

819 2690 904 2729 Hic
925 2698 989 2729 est
1026 2701 1132 2728 urna
1154 2689 1362 2735 Belidum,
1385 2688 1471 2727 olla
1494 2687 1807 2739 prophetarum,

820 2758 905 2796 Hic
926 2756 1048 2796 sedes
1068 2756 1367 2803 Eumenidum,
1386 2755 1454 2794 hic
1472 2755 1590 2794 locus
1610 2767 1858 2806 poenarum,

823 2825 909 2864 Hic
928 2825 1046 2864 vicus
1069 2823 1379 2874 Gorgoffldum,
1401 2830 1552 2862 cantus
1583 2822 1833 2869 sirenarum,

822 2893 906 2932 Hic
924 2899 1091 2932 antrum
1114 2890 1405 2942 Cyclopidum,
1427 2890 1550 2929 vallis
1570 2890 1819 2929 salinarum.

821 3000 941 3038 Nutu
962 2998 1171 3038 diabolico
1191 3010 1237 3037 se
1260 2997 1392 3036 Babel
1413 2997 1555 3044 erexit,

825 3068 947 3106 Nova
969 3067 1077 3107 redit
1096 3066 1282 3116 Jericho‚
1307 3064 1544 3103 Gomorrha
1572 3062 1762 3110 surrexit,

823 3134 938 3173 Dato
959 3134 1075 3173 Deus
1096 3133 1266 3180 arctico,
1288 3139 1478 3171 austrum
1499 3131 1738 3178 retrovexit,

822 3203 920 3253 Jam
940 3214 985 3240 se
1008 3200 1081 3239 fini
1101 3200 1267 3250 trogico
1289 3211 1417 3238 aurea
1445 3198 1661 3238 connexit.

398 3286 446 3324 B.
456 3284 535 3337 for
567 3284 634 3324 the
664 3283 749 3323 last
779 3283 862 3322 line
892 3283 1042 3323 reads:
1072 3283 1168 3333 Jam
1190 3294 1282 3320 sese
1303 3280 1377 3318 fini
1398 3279 1563 3331 tragico
1584 3279 1729 3318 laurea
1750 3277 1948 3317 contexit.
2007 3277 2051 3317 S.
2074 3275 2151 3314 has
2173 3273 2312 3313 nudus

396 3354 706 3393 Anathematus
725 3350 770 3390 in
795 3352 862 3390 the
872 3350 981 3404 first
1002 3350 1101 3397 line,
1122 3348 1290 3400 Elydon
1306 3346 1351 3387 in
1375 3346 1444 3386 the
1453 3347 1577 3400 fifth,
1597 3346 1719 3385 sedes
1735 3352 1800 3384 est
1815 3343 2004 3383 Nericlon
2020 3343 2067 3383 in
2089 3343 2156 3382 the
2175 3341 2309 3404 sixth,

397 3422 516 3461 locus
538 3418 814 3470 Gorgonidon
834 3418 879 3457 in
903 3418 970 3457 the
989 3417 1173 3463 sewum,
1191 3422 1342 3455 cantus
1364 3413 1630 3465 Ciclopodon
1652 3413 1697 3452 in
1720 3411 1787 3452 the
1807 3410 1970 3463 eighth‚
1990 3411 2080 3450 and
2101 3409 2199 3449 ends
2217 3424 2285 3449 :-—

825 3501 922 3550 Jam
943 3512 989 3539 se
1010 3498 1082 3537 fini
1104 3498 1265 3549 tragico
1287 3498 1429 3536 laurea
1449 3496 1638 3536 contexit

830 3569 942 3606 Dato
963 3568 1080 3606 Deus
1101 3566 1247 3612 africo,
1269 3572 1460 3604 austrum
1480 3562 1718 3604 retrovexit.

511 3649 544 3675 11
557 3649 705 3689 crescit
725 3649 865 3700 igitur,
886 3649 936 3688 A.
1157 3646 1191 3670 12
1203 3645 1390 3696 erigitur,
1415 3646 1467 3686 D.
1669 3643 1706 3668 13
1719 3642 1944 3688 soleorum,
1976 3641 2028 3679 D.
