2512 4034
333 278 431 316 102
1122 261 1452 313 PECHAM

323 416 374 458 et
397 407 631 475 (lacuna)
652 406 938 457 irascibilis
963 415 1014 457 et
1031 406 1436 473 concupiscibilis
1460 407 1572 457 sint
1595 407 1735 457 vires
1758 408 2005 458 sensitive
2031 417 2242 460 tantum
2311 435 2327 452 ο

321 515 394 547 an
421 498 581 548 etiam
607 498 718 547 sint
742 497 1060 547 intellective.

434 588 552 655 (24)
592 587 680 639 fol.
716 587 801 650 26,
833 585 930 638 001.
963 600 1010 649 4.
1045 584 1303 648 Queritur
1324 594 1505 636 utrum
1540 602 1617 647 ea,
1642 602 1740 651 que
1756 586 2025 651 pertinent
2048 586 2126 636 ad
2145 593 2244 635 ter-

318 674 455 726 tium
474 693 647 743 genus
685 674 919 738 visionis,
954 674 1146 725 scilicet
1181 675 1259 725 ad
1291 675 1544 725 visionem
1586 674 2000 734 intellectualem,
2040 691 2243 740 cognos-

318 773 513 815 cuntur
522 775 627 831 per
647 766 836 832 species
861 782 896 814 a
922 782 977 815 se
1001 764 1308 832 dfferentes.
1382 764 1691 816 Ostenditur
1713 764 1854 829 quod
1873 782 1986 814 non.

432 855 550 921 (25)
590 854 678 906 fol.
724 857 811 916 28,
853 853 950 905 001.
992 868 1032 904 1.
1081 852 1338 916 Queritur
1374 854 1437 904 de
1475 855 1759 921 cognitione
1791 854 1972 906 anime
2003 861 2244 920 separate

315 944 550 1010 qualiter
572 944 812 995 videlicet
833 951 1103 1009 cognoscat
1111 942 1498 1009 particularia.

430 1034 548 1102 (26)
588 1034 673 1085 fol.
724 1048 811 1097 29,
846 1033 943 1085 col.
989 1046 1034 1096 3.
1077 1032 1334 1095 Queritur
1364 1034 1428 1084 de
1461 1034 1747 1101 cognitione
1785 1035 1964 1086 anime
2001 1041 2244 1100 separate

305 1123 550 1190 gloriose,
577 1131 758 1173 utrum
775 1131 879 1188 per
901 1122 1185 1188 appetitum
1213 1123 1436 1189 corporis
1462 1125 1638 1190 aliquo
1661 1125 1808 1174 modo
1827 1124 2153 1190 impediatur
2174 1124 2242 1174 ab

313 1212 514 1263 actibus
531 1213 705 1279 glorie
731 1221 781 1262 et
804 1213 1098 1262 ostenditur
1121 1212 1261 1278 quod
1278 1213 1363 1263 sic.

427 1303 544 1369 (27)
583 1301 670 1354 fol.
717 1316 798 1366 30,
828 1302 926 1353 col.
960 1316 1012 1366 4.
1049 1301 1319 1353 Occasione
1355 1302 1706 1354 solemnitatis
1731 1302 2015 1370 epyphanie
2039 1303 2239 1353 incum-

313 1390 480 1442 bentis
504 1392 764 1458 quesitum
791 1400 868 1442 est
895 1400 1077 1442 utrum
1112 1392 1283 1454 stella,
1314 1403 1412 1457 que
1440 1392 1596 1442 duxit
1623 1410 1811 1459 magos
1845 1393 1924 1443 ad
1952 1391 2240 1455 Christum,
2323 1457 2327 1459 ,

297 1480 482 1546 fuerit
505 1499 634 1532 vera
659 1482 829 1532 stella.

428 1571 544 1639 (28)
585 1571 670 1623 fol.
716 1584 799 1635 31,
837 1571 935 1623 001.
980 1585 1026 1623 2.
1063 1570 1337 1633 Quesitum
1374 1579 1450 1621 est
1480 1572 1702 1621 secundo
1744 1589 1818 1621 an
1853 1573 2046 1623 saltem
2074 1573 2239 1638 fueri

313 1669 533 1713 comata.

429 1752 545 1819 (29)
584 1751 671 1803 fol.
719 1765 805 1815 31,
842 1752 940 1803 001.
982 1765 1026 1815 3.
1074 1751 1332 1814 Queritur
1356 1752 1507 1802 tercio
1542 1761 1724 1803 utrum
1751 1753 1897 1803 stelle
1923 1753 2246 1819 imprimant

311 1842 515 1901 fatales
541 1842 868 1892 necessitates
895 1841 1220 1891 nascentibus
1243 1842 1380 1892 sicut
1402 1842 1589 1892 dicunt
1611 1841 1835 1893 lieretici.

434 1931 547 1998 (30)
589 1930 674 1983 fol.
709 1944 794 1994 33,
823 1931 920 1982 col.
958 1944 1004 1982 2.
1044 1930 1300 1993 Queritur
1323 1939 1504 1981 utrum
1534 1942 1745 1998 corpora
1772 1933 1993 1994 celestia,
2020 1934 2119 1983 etsi
2142 1950 2242 1983 non

317 2037 482 2083 cause,
509 2020 624 2070 sint
645 2021 834 2070 saltem
859 2020 1036 2086 signa.
1109 2020 1418 2071 Ostenditur
1440 2021 1581 2087 quod
1599 2021 1684 2072 sic.

437 2111 551 2177 (31)
592 2110 681 2161 fol.
724 2124 810 2174 34,
842 2110 939 2161 col.
986 2124 1026 2161 Ι.
1074 2109 1329 2172 Queritur
1352 2119 1534 2161 utrum
1566 2111 1755 2162 anima
1783 2112 2067 2162 rationalis
2089 2112 2165 2163 sit
2187 2129 2250 2162 ex

319 2200 569 2250 traduce:
609 2200 902 2250 ostenditur
925 2200 1065 2265 quod
1083 2201 1169 2250 sic.

439 2290 552 2356 (32)
595 2289 680 2341 fol.
733 2300 817 2353 35,
865 2289 963 2340 001.
1015 2303 1058 2353 3.
1106 2289 1362 2352 Queritur
1397 2298 1579 2340 utrum
1623 2290 1812 2341 anima
1853 2291 2135 2341 rationalis
2177 2290 2253 2341 sit

316 2377 651 2429 immortalis.

438 2469 551 2536 (33)
613 2469 701 2521 fol.
752 2481 839 2533 37,
886 2469 967 2519 001
1011 2484 1061 2532 4.
1109 2469 1366 2532 Queritur
1413 2478 1595 2520 utrum
1635 2470 1878 2535 possibile
1920 2471 1995 2521 sit
2039 2471 2095 2521 in
2148 2489 2250 2522 uno

316 2555 528 2608 homine
553 2575 659 2608 esse
682 2559 820 2609 duas
846 2559 1065 2609 animas
1088 2560 1369 2610 secundum
1397 2578 1623 2611 errorem
1651 2561 1727 2610 M
1724 2560 1943 2612 anichei.

432 2648 549 2715 (34)
605 2648 691 2700 fol.
739 2663 824 2713 39,
871 2649 972 2701 001.
1030 2664 1071 2701 Ι.
1119 2649 1337 2713 Quesita
1375 2658 1503 2700 sunt
1545 2651 1769 2717 quedam
1811 2652 1948 2701 circa
1988 2651 2164 2702 Deum
2203 2660 2253 2702 et

318 2738 539 2802 quedam
582 2738 722 2788 circa
750 2747 1070 2790 creaturam.
1155 2739 1310 2791 Circa
1349 2740 1542 2804 Deum,
1570 2740 1813 2791 dimissis
1851 2742 2053 2805 eternis,
2081 2742 2247 2807 quesi-

316 2834 432 2876 tum
461 2835 537 2877 est
559 2827 623 2877 de
648 2828 760 2878 Deo
774 2838 876 2894 per
901 2831 1340 2895 comparationem
1369 2831 1447 2880 ad
1465 2839 1777 2881 creaturam.

440 2918 554 2983 (35)
596 2918 683 2969 fol.
718 2931 804 2982 39,
833 2919 934 2971 001.
962 2934 1007 2971 2.
1056 2919 1314 2982 Queritur
1342 2929 1523 2970 utrum
1553 2938 1636 2971 res
1662 2921 1720 2971 in
1755 2939 1860 2971 esse
1886 2930 2253 2972 conserventur

317 3005 624 3057 immediate
663 3025 697 3057 a
737 3008 928 3059 divina
972 3010 1305 3060 manutentia
1348 3028 1421 3059 an
1464 3011 1643 3077 aliquo
1682 3010 1867 3061 habitu
1908 3012 2170 3062 mediante
2203 3020 2254 3062 et

319 3096 613 3146 ostenditur
636 3098 776 3162 quod
795 3099 1010 3148 secundo
1038 3100 1197 3150 modo,

363 3184 368 3190 “
438 3186 551 3252 (36)
595 3186 684 3238 fol.
733 3201 819 3251 39,
860 3188 963 3239 col.
1010 3201 1058 3251 3.
1108 3188 1364 3250 Queritur
1399 3190 1462 3239 de
1499 3198 1745 3239 creatura
1769 3190 2049 3255 spirituali
2072 3199 2122 3240 et
2146 3207 2249 3240 cor-

306 3275 494 3338 porali
522 3283 573 3325 et
601 3277 879 3341 composita
912 3294 975 3326 ex
1002 3285 1240 3343 utraque,
1272 3278 1335 3328 de
1367 3279 1647 3344 spirituali
1678 3287 1845 3344 utpote
1882 3280 1946 3329 de
1978 3280 2167 3329 anima
2202 3287 2254 3329 et

317 3364 519 3429 angelo.
602 3365 688 3414 De
726 3367 917 3416 anima
957 3367 1216 3432 quesitum
1263 3376 1341 3418 est
1382 3377 1566 3418 utrum
1615 3369 1835 3434 recipiat
1875 3369 1932 3418 in
1970 3385 2025 3419 se
2063 3369 2279 3434 species.

316 3454 603 3517 corporales
631 3453 698 3503 ab
724 3463 888 3505 extra.

440 3543 552 3608 (37)
595 3543 681 3594 fol.
730 3557 816 3607 39,
853 3545 953 3596 001.
994 3560 1045 3608 4.
1095 3545 1368 3608 Quesitum
1410 3555 1487 3597 est
1524 3547 1587 3597 de
1631 3547 1838 3613 Angelo
1877 3555 2138 3612 quantum
2178 3548 2257 3597 ad
