2512 4034
323 278 393 327 60
1118 276 1451 329 PECHAM

322 435 645 485 purpuream
691 420 946 482 extitisse,
991 438 1094 487 ego
1138 421 1591 486 protervientibus
1642 421 1858 487 pacifice
1909 426 2243 489 respondens

320 505 553 554 dicerem
629 522 751 555 eam
816 504 977 557 fuisse
1038 507 1275 558 tunicam
1342 507 1540 559 Christi
1601 508 2065 573 sacramentalem,
2133 528 2240 561 non

322 590 579 640 usualem.
621 631 630 641 .
670 631 679 642 .
719 632 727 641 .
770 591 1026 655 Amplius
1076 591 1144 642 de
1195 592 1580 643 Bartholomeo
1631 593 2044 659 intelligendum
2096 597 2240 661 quod

321 675 546 725 verbum
573 676 702 725 illud
729 678 783 726 in
812 676 1040 743 legenda
1067 677 1318 729 Romana
1343 694 1450 729 non
1477 678 1732 741 habetur;
1771 686 1825 730 et
1864 680 1907 728 si
1946 697 2131 732 verum
2161 690 2243 732 est

320 762 466 827 quod
507 762 652 823 dicit,
681 762 798 812 dico
837 764 983 828 quod
1023 764 1339 814 necessitate
1378 765 1568 816 ductus
1604 765 1705 814 hoc
1744 764 1881 827 fecit,
1908 766 2030 831 quia
2068 767 2122 816 in
2154 768 2243 817 illa

321 847 493 897 calida
520 850 735 915 regione
755 865 863 898 non
892 848 1099 898 invenit
1125 848 1287 899 aliam
1313 850 1579 901 laboranti
1606 850 1942 916 portabilem.
2024 852 2114 902 Ex
2142 844 2244 902 hiis

322 941 472 999 patet
515 932 824 984 exsufflatio
866 933 1175 985 frivolorum
1226 936 1614 1001 sophismatum
1666 937 1751 986 vel
1802 937 2243 1003 phantasmatum

323 1020 514 1085 quibus
541 1021 856 1086 impugnare
882 1021 1122 1071 nituntur
1148 1038 1358 1073 crucem
1388 1023 1683 1088 penitentie
1710 1023 1785 1073 illi
1814 1040 2041 1089 quorum
2062 1031 2247 1074 venter

324 1106 476 1156 Deus
502 1114 583 1157 est
610 1115 664 1156 et
689 1106 861 1172 gloria
888 1108 941 1157 in
969 1107 1292 1160 confusione.
1373 1106 1529 1173 [Exp.
1566 1107 1717 1174 Cap]

420 1287 553 1339 CAP.
597 1288 1058 1351 XV.—-Qual2'ter
1079 1291 1289 1355 possint
1323 1291 1586 1357 relzgiosz's
1610 1294 1941 1356 prelatormn
1980 1291 2143 1357 officia

1139 1392 1425 1428 conventre.

1085 1519 1469 1583 (EXTRACTS.)

432 1645 543 1696 Sed
582 1646 717 1696 sicut
755 1646 947 1698 dicitur
985 1647 1346 1698 Ecclesiastici
1388 1662 1451 1714 33
1487 1647 1554 1715 [v.
1591 1647 1711 1714 15]:
1755 1648 2005 1699 “Contra
2044 1647 2245 1697 malum

324 1731 538 1793 bonum,
589 1739 777 1782 contra
826 1741 1059 1783 mortem
1111 1733 1221 1784 vita
1240 1731 1264 1751 ''
1290 1753 1301 1796 ;
1356 1733 1480 1799 quia
1525 1734 1672 1784 Deus
1725 1733 1868 1784 malo
1918 1733 2102 1783 obviat
2151 1750 2248 1799 per

321 1818 566 1884 gratiam,
592 1819 665 1868 sic
691 1826 910 1868 econtra
941 1818 1033 1868 filii
1073 1819 1322 1884 gehenne
1360 1821 1604 1870 nituntur
1642 1821 1964 1885 extinguere
2003 1820 2246 1885 spiritum

322 1905 441 1966 vite,
485 1904 719 1954 dicentes
764 1905 1185 1971 predicationem
1228 1912 1283 1955 et
1334 1906 1672 1971 peccantium
1724 1904 2115 1955 absolutionem
2168 1923 2247 1955 re-

324 1989 529 2055 ligiosis
555 2006 663 2041 non
703 1999 1027 2056 competere,
1057 1990 1257 2041 idcirco
1295 1999 1349 2041 et
1388 1991 1509 2040 huic
1550 1991 1829 2041 virulentie
1864 1990 2099 2041 conabor
2137 2007 2247 2041 sen-

323 2078 616 2127 tentiarum
643 2077 950 2127 salutarium
990 2076 1238 2127 efficaciis
1277 2076 1510 2128 obviare.
1588 2077 1790 2127 Dicunt
1828 2078 1989 2142 igitur
2026 2079 2127 2127 sic:
2174 2080 2244 2139 (Ι)

326 2161 584 2229 Episcopi
622 2162 824 2214 habent
862 2163 1083 2229 plenum
1123 2164 1201 2213 ius
1241 2165 1295 2213 in
1334 2165 1647 2230 episcopatu
1675 2180 1782 2224 SUO,
1810 2171 1864 2213 et
1891 2162 2169 2229 plebianus
2195 2163 2248 2213 in

324 2250 632 2316 plebanatu,
713 2249 865 2300 Istud
911 2257 1089 2299 autem
1135 2251 1214 2299 ius
1261 2250 1315 2299 in
1361 2249 1573 2300 duobus
1612 2249 1856 2299 consistit
1894 2249 2154 2315 precipue,
2193 2249 2247 2298 in

326 2336 689 2402 predicatione
717 2343 769 2386 et
796 2335 1150 2388 absolutione.
1235 2335 1404 2401 Igitur
1428 2336 1471 2385 si
1497 2334 1701 2401 aliquid
1730 2336 1855 2385 iuris
1893 2335 2250 2385 committitur

324 2424 561 2473 venienti
602 2440 633 2473 a
673 2424 839 2473 latere
879 2441 909 2472 a
948 2439 1163 2472 summo
1200 2421 1469 2489 pontifice,
1494 2421 1579 2471 vel
1619 2422 1673 2471 in
1714 2420 2007 2487 plebanatu
2045 2438 2077 2470 a
2114 2421 2249 2486 dyo-

324 2527 535 2571 cesanO,
568 2509 626 2561 fit
652 2511 844 2560 iniuria
870 2517 923 2560 et
964 2508 1314 2575 preiudicium
1355 2508 1441 2558 isti
1478 2507 1562 2558 vel
1602 2507 1688 2569 illi,
1715 2514 1768 2557 et
1807 2508 1931 2557 iuris
1971 2508 2050 2556 sui
2092 2507 2250 2557 muti-

326 2597 475 2646 lati0.
559 2599 629 2658 (2)
665 2596 805 2646 Item
832 2594 891 2644 fit
910 2611 1007 2662 per
1027 2594 1127 2644 hoc
1148 2593 1444 2644 officiorum
1466 2593 1706 2644 confusio
1727 2601 1781 2643 et
1803 2610 1898 2659 per
1917 2609 2249 2658 consequens

326 2682 594 2743 turbatio;
625 2681 718 2732 sed
747 2681 874 2732 talia
900 2698 1009 2730 non
1039 2688 1161 2730 sunt
1188 2681 1241 2729 in
1269 2679 1662 2729 edificationem
1685 2678 1778 2728 sed
1799 2679 2215 2729 destructionem
2236 2698 2247 2741 ;

327 2769 469 2818 unde
497 2785 618 2818 curn
646 2785 789 2834 pape
816 2767 962 2818 nulla
989 2768 1056 2817 sit
1084 2766 1281 2817 collata
1319 2773 1561 2832 potestas
1601 2765 1701 2816 nisi
1740 2766 1794 2815 in
1831 2764 2246 2827 edificationem,

327 2853 457 2903 nihil
483 2853 589 2903 tale
617 2859 794 2919 potest
822 2853 978 2903 sedes
1004 2851 1301 2918 apostolica
1319 2851 1591 2903 mandare.
1676 2850 1820 2900 Hinc
1837 2850 1964 2900 dicit
1979 2850 2250 2917 apostolus

330 2940 451 2992 Cor.
500 2938 600 3007 91:
644 2939 814 2989 “Non
856 2955 1039 2989 sumus
1079 2937 1380 3003 gloriantes
1425 2937 1478 2986 in
1525 2936 1707 2986 alienis
1750 2935 2093 2987 laboribus''.
2176 2940 2246 3000 (3)

333 3026 469 3076 Item
499 3042 592 3091 per
618 3041 793 3074 sacros
819 3040 1050 3074 canones
1077 3024 1385 3073 ordinatum
1411 3031 1493 3073 est
1520 3030 1577 3072 ut
1596 3023 1848 3072 distincte
1870 3023 1976 3071 sint
1996 3021 2253 3089 dyoceses

329 3120 384 3161 et
435 3111 618 3177 plebes
670 3110 959 3160 commisse
1009 3107 1395 3169 sacerdotibuS,
1448 3124 1546 3158 nec
1595 3123 1729 3157 unus
1788 3107 2022 3173 prelatus
2074 3115 2253 3173 potest

332 3197 546 3247 alicuius
583 3197 839 3247 terminos
877 3195 1146 3246 invadere.
1188 3237 1196 3245 .
1241 3236 1250 3244 .
1289 3235 1299 3245 .
1339 3195 1420 3260 (4)
1475 3194 1612 3244 Item
1654 3200 2125 3259 quantumcunque
2164 3193 2248 3243 vel

328 3283 697 3348 qualecunque
711 3283 971 3332 concedat
987 3281 1286 3347 apostolica
1300 3281 1458 3331 sedes
1474 3280 1827 3347 privilegium,
1844 3278 2247 3345 intelligendum

329 3376 411 3419 est
450 3370 561 3419 sine
601 3368 826 3418 aliorum
866 3368 1189 3433 preiudicio;
1236 3367 1328 3417 sed
1367 3365 1713 3431 preiudicium
1765 3364 1827 3414 fit
1878 3364 2091 3431 prelatis
2144 3365 2279 3416 nisi*

330 3472 515 3504 eorum
555 3454 873 3505 auctoritate
912 3454 1218 3520 predicent:
1264 3469 1394 3518 ergo
1433 3459 1906 3517 quantumcunque
1946 3452 2052 3500 sint
2091 3451 2249 3516 privi-

1134 3602 1146 3625 1
1164 3613 1186 3639 2
1210 3603 1304 3640 Cor.
1328 3615 1364 3640 x.
1391 3614 1451 3651 15.
