2512 4034
363 307 432 367 84
1157 302 1487 354 PECHAM

359 446 595 512 sequitur
620 446 788 496 vitam
815 446 1079 497 bonorum
1103 465 1113 498 :
1152 446 1391 496 intuetur
1425 463 1545 496 eam
1584 444 1905 496 terribilibus
1943 447 2125 507 oculis,
2152 449 2278 514 quia

358 548 643 598 pravorum
681 532 909 582 consiliis
946 549 1056 582 non
1093 539 1264 582 cessat
1304 530 1443 582 mala
1481 533 1775 597 exquirere,
1816 530 1869 580 in
1909 530 2102 596 quibus
2139 534 2279 583 hanc

358 634 571 683 semper
609 617 839 668 deterius
879 616 1082 684 affligat
1100 617 1139 667 ’'.
1216 617 1289 666 Et
1327 619 1563 682 sequitur
1601 617 1670 667 de
1702 615 1803 666 hiis
1831 616 2149 669 Antichristi
2175 621 2279 669 dis-

354 703 541 769 cipulis
559 701 576 730 1
599 722 608 754 :
649 703 760 753 “de
785 703 976 769 quibus
1003 703 1281 753 sciendum
1307 710 1389 753 est
1416 702 1557 768 quod
1585 701 1700 752 illos
1739 704 1989 768 precipue
2015 705 2068 753 in
2095 713 2280 755 sancta

357 787 574 839 ecclesia
601 796 1006 854 persequuntur,
1034 806 1167 854 quos
1207 787 1390 837 multis
1427 789 1760 854 conspiciunt
1800 805 1914 838 esse
1954 789 2278 854 profuturos,

359 863 449 941 qui
500 874 671 925 vitam
720 873 1013 924 carnalium
1067 874 1230 924 verbo
1281 875 1634 939 correptionis
1697 879 1982 924 conterunt
1999 873 2043 921 '’.
2161 876 2282 925 Hec

361 959 668 1026 Gregorius,
1439 960 1442 962 ’

466 1044 557 1096 Ad
601 1060 663 1110 32
706 1045 995 1095 dicendum
1035 1045 1179 1110 quod
1219 1060 1375 1111 super
1413 1045 1632 1111 privatis
1666 1045 1870 1095 iniuriis
1905 1045 2149 1096 nondum
2182 1047 2280 1096 visi

355 1138 478 1181 sunt
503 1131 725 1197 litigare.
806 1131 858 1180 N
863 1148 923 1181 ec
950 1131 1094 1180 enim
1122 1132 1329 1196 privata
1354 1137 1434 1180 est
1458 1130 1742 1181 iudicanda
1769 1148 1873 1196 que
1899 1130 2114 1181 utilitati
2140 1148 2280 1182 com-

357 1217 507 1266 muni
559 1234 668 1267 non
720 1217 914 1267 desinit
964 1216 1205 1266 militare.
1282 1215 1430 1283 Quia
1479 1234 1606 1284 ergo
1656 1234 1712 1267 se
1761 1224 1905 1267 totos
1955 1217 2009 1266 in
2059 1215 2281 1267 ecclesie

353 1303 643 1352 commoda
680 1309 1066 1361 consecrarunt,
1100 1302 1142 1351 si
1182 1302 1402 1367 quando
1446 1320 1543 1367 pro
1576 1302 1704 1353 locis
1739 1303 1794 1352 in
1830 1301 2025 1368 quibus
2064 1303 2282 1354 valeant

355 1387 714 1438 ecclesiastice
741 1386 1069 1438 edificationi
1096 1387 1373 1438 intendere
1384 1382 1482 1438 'vel
1511 1389 1688 1439 officia
1707 1405 1971 1449 exercere,
1993 1390 2281 1440 resistenti-

354 1473 454 1524 bus
492 1473 743 1540 malignis
780 1472 1087 1524 hominibus
1125 1489 1259 1539 quos
1298 1473 1411 1523 sola
1449 1473 1659 1523 malicia
1696 1474 1956 1540 exagitat,
1985 1474 2053 1523 ad
2082 1490 2282 1540 papam

351 1557 435 1608 vel
474 1557 607 1609 alios
642 1559 694 1608 in
734 1559 999 1624 dignitate
1038 1560 1363 1609 constitutos
1401 1565 1686 1623 recurrant,
1730 1576 1838 1609 non
1883 1567 2006 1610 sunt
2056 1560 2282 1626 putandi

352 1644 615 1712 privatam
642 1637 860 1695 causam
889 1661 1061 1711 agere,
1088 1645 1181 1694 sed
1220 1644 1435 1695 utilitati
1475 1645 1686 1711 publice
1724 1645 1968 1697 militare.
2049 1646 2140 1697 Ad
2179 1647 2283 1697 hoc

356 1730 496 1780 valet
524 1730 668 1796 quod
695 1729 904 1781 dictum
930 1738 1012 1780 est
1037 1746 1195 1797 supra
1222 1732 1275 1780 in
1301 1731 1564 1781 solutione
1592 1730 1766 1796 signi.2

461 1816 553 1867 Ad
583 1830 646 1881 33
676 1816 866 1867 eodem
897 1817 1060 1867 modo
1085 1817 1372 1866 dicendum
1402 1833 1510 1883 quo
1538 1818 1605 1867 ad
1636 1820 1722 1870 28:

461 1903 554 1954 Ad
596 1918 661 1969 34
701 1902 984 1953 dicendum
1025 1905 1158 1954 sicut
1197 1904 1266 1953 ad
1311 1918 1375 1967 32
1415 1911 1469 1954 et
1509 1905 1652 1970 quod
1692 1905 1917 1971 apponit
1957 1906 2011 1954 in
2047 1904 2145 1956 hec
2171 1905 2282 1956 fieri

353 1995 540 2039 contra
585 1989 903 2039 mandatum
952 1989 1190 2052 Domini,
1239 1990 1373 2041 Mat.
1417 2008 1486 2052 X„
1534 1990 1794 2042 dicentis:
1846 1996 1929 2042 ‘et
1981 1992 2284 2057 quicunque

349 2092 457 2125 non
499 2076 756 2141 receperit
796 2093 893 2126 vos
937 2093 1113 2141 neque
1163 2076 1389 2126 audierit
1439 2093 1712 2127 sermones
1763 2084 1980 2137 vestrOS,
2024 2083 2284 2128 exeuntes

351 2161 490 2211 foras
529 2162 596 2212 de
634 2162 798 2212 domo
837 2161 921 2212 vel
959 2162 1027 2212 de
1062 2163 1277 2213 civitate
1321 2163 1560 2214 excutite
1610 2165 1884 2229 pulverem
1937 2164 2006 2214 de
2056 2163 2284 2229 pedibus

349 2246 567 2308 vestriS‚'
605 2246 924 2298 solvendum
963 2255 1044 2298 est
1084 2250 1209 2314 quia
1249 2248 1337 2299 ille
1375 2249 1553 2317 exitus
1591 2249 1905 2316 intelligitur
1946 2249 2160 2315 quando
2189 2247 2284 2299 tali

351 2334 643 2400 receptioni
671 2349 776 2384 non
815 2336 986 2384 solum
1026 2335 1284 2401 corporali
1324 2335 1421 2385 sed
1460 2337 1624 2386 etiam
1665 2335 1920 2401 spirituali
1959 2335 2287 2385 unanimiter

353 2419 540 2469 civitas
565 2420 902 2472 contradicit.
977 2420 1140 2472 Unde
1166 2421 1292 2471 dicit
1316 2421 1601 2482 DominuS,
1628 2427 1638 2447 ⁶
1658 2422 1747 2486 qui
1769 2437 1878 2470 non
1900 2422 2160 2487 receperit
2186 2437 2283 2470 nec

355 2506 595 2565 audierit,
634 2507 786 2575 quasi
825 2505 1102 2567 diceretur,
1142 2506 1229 2556 ubi
1269 2515 1350 2557 est
1388 2507 1654 2557 unanimis
1699 2506 1932 2572 repulsio
1979 2513 2033 2556 et
2079 2513 2285 2557 contra-

351 2592 515 2643 dictio
552 2592 699 2642 verbi
740 2592 917 2653 divini,
944 2591 1017 2642 ibi
1055 2592 1355 2643 cedendum
1395 2600 1476 2643 est
1515 2593 1584 2643 ad
1631 2600 1847 2660 tempus
1899 2591 2059 2643 furori
2113 2592 2286 2642 donec

354 2677 613 2727 divinitus
639 2677 790 2727 aliter
815 2665 1109 2739 ordinetur,
1130 2679 1225 2729 sed
1251 2694 1403 2729 secus
1430 2687 1511 2729 est
1537 2679 1628 2729 ubi
1650 2680 2012 2729 communitas
2039 2685 2283 2744 acceptat
2334 2695 2337 2698 ·

355 2764 679 2829 presentiam
719 2763 1115 2829 predicatorum
1155 2765 1409 2826 veritatiS,
1444 2772 1498 2814 et
1538 2765 1653 2815 sola
1694 2763 2036 2830 quorundam
2078 2763 2289 2814 malicia

353 2850 682 2911 adversatur,
722 2849 794 2900 ibi
838 2850 981 2899 enim
1026 2851 1196 2917 magis
1235 2851 1630 2917 providendum
1675 2858 1757 2901 est
1801 2851 2075 2901 communi
2123 2850 2286 2912 bono,

357 2952 519 3000 quam
548 2935 850 2987 cedendum
875 2935 1086 2986 malicie
1111 2937 1336 3002 partiali,
1365 2944 1425 2987 ut
1450 2954 1613 3003 supra
1640 2944 1790 3003 patet
1825 2951 1889 2999 14
1915 2943 1969 2987 et
1997 2950 2078 3000 32.

467 3021 559 3071 Ad
600 3032 662 3086 35
706 3021 996 3072 dicendum
1036 3023 1182 3088 quod
1222 3039 1330 3072 non
1369 3030 1450 3073 est
1489 3024 1685 3073 mirum
1726 3024 1769 3072 si
1809 3031 1998 3073 contra
2037 3023 2283 3072 inimicos

358 3105 462 3156 Dei
514 3109 757 3159 excitant
810 3108 976 3174 ipsius
1026 3110 1247 3170 amic05,
1298 3125 1422 3158 cum
1488 3109 1702 3170 PauluS,
1747 3117 1807 3159 ut
1858 3125 1916 3158 se
1979 3108 2281 3173 expediret,

359 3194 603 3243 inimicos
631 3194 733 3243 Dei
755 3199 941 3244 contra
973 3210 1032 3243 se
1070 3194 1303 3243 invicem
1343 3200 1672 3258 provocaret,
1702 3195 1839 3244 sicut
1877 3199 2028 3260 patet
2065 3192 2177 3243 Act
2216 3206 2284 3257 23,

358 3277 431 3343 [v.
470 3276 554 3342 6]:
606 3278 888 3330 Phariseos
938 3279 1141 3329 scilicet
1186 3279 1254 3329 ad
1305 3279 1595 3332 Saduceos,
1675 3278 2048 3330 Phariseorum
2098 3285 2283 3328 tamen

359 3363 505 3413 velut
525 3372 747 3430 captans
767 3366 1013 3430 gratiam,
1036 3365 1194 3426 dixit,
1213 3370 1223 3391 ‘
1243 3382 1346 3431 ego
1367 3366 1650 3430 phariseus
1670 3382 1787 3415 sum
1811 3373 1864 3415 et
1885 3365 2022 3415 filius
2050 3349 2285 3435 pharise-

656 3517 669 3539 1
688 3518 794 3556 Mor.
816 3517 899 3556 xiii.
921 3530 1014 3568 cap.
1038 3517 1077 3555 xi
1095 3547 1104 3556 .

659 3583 673 3606 2
689 3584 739 3622 Β.
761 3584 882 3622 reads
906 3587 915 3605 ‘
934 3584 976 3621 in
997 3584 1209 3623 solutione
1230 3583 1469 3635 argumenti
1494 3582 1594 3634 14mi
1611 3584 1632 3623 ’.
1692 3582 1879 3634 Perhaps
1905 3583 1983 3621 16?
