2512 4034
759 260 1084 314 CONTRA
1128 261 1621 313 KILWARDBY
2051 278 2148 330 127

219 404 498 471 capitulol
538 405 852 470 Episcopus:
895 405 1099 456 nullam
1130 422 1317 456 curam
1354 405 1463 456 rei2
1496 406 1769 458 familiaris
1807 407 2022 472 habeat,
2052 409 2149 461 sed

221 497 436 542 tantum
463 492 712 554 orationi,
742 490 971 552 lectioni,
999 499 1054 541 et
1080 491 1432 558 predicationi
1455 493 1735 543 intendere
1761 493 1940 547 debet.
2011 495 2148 548 Item

225 585 445 644 propter
483 577 587 628 hoc
633 576 769 628 ordo
813 578 1190 644 episcoporum
1231 578 1429 629 dicitur
1473 579 1693 645 proprie
1732 579 1866 630 ordo
1910 581 2151 647 predica-

226 669 440 715 torum:
480 662 566 714 hic
593 665 736 714 enim
763 670 846 713 est
870 679 1055 714 servus
1081 661 1183 724 ille,
1213 680 1376 729 quem
1405 666 1551 714 misit
1580 672 1735 731 pater
1764 666 1992 717 familias
2018 666 2154 718 hora

224 765 354 800 cene
404 756 465 800 ut
513 749 713 800 diceret
730 749 749 778 3
800 750 1042 800 invitatis
1093 757 1153 800 ut
1208 752 1460 812 venirent,
1510 751 1649 802 sicut
1700 758 1848 818 patet
1899 753 1953 803 in
2005 752 2152 805 omil.

228 835 470 900 Gregorii
499 851 661 900 super
689 834 822 886 illud
863 835 1015 887 Luce
1048 850 1111 900 14
1142 837 1334 886 “misit
1372 853 1587 888 servum
1615 854 1774 888 suum
1815 838 1948 889 hora
1974 838 2150 901 cene,‘'

223 927 279 972 et
318 921 462 973 unde
483 920 502 950 4
528 921 671 971 idem
701 921 991 988 Gregorius
1025 921 1158 972 dicit
1190 922 1243 972 in
1271 922 1407 973 libro
1440 922 1795 989 pastoralium
1824 941 1866 976 e.
1892 924 1989 988 7:5
2027 927 2156 992 quia

223 1007 443 1060 difficile
462 1016 545 1058 est
570 1007 870 1074 quemlibet
890 1014 1186 1075 purgatum
1208 1025 1265 1059 se
1285 1025 1443 1075 posse
1464 1010 1785 1076 conspicere,
1810 1010 2157 1078 predicatoris

223 1093 463 1145 officium
503 1095 673 1144 tutius
710 1094 1024 1146 declinatur.
1104 1094 1231 1145 Non
1259 1095 1462 1162 igitur6
1497 1095 1883 1162 calumpnieris
1910 1097 2026 1158 illis,
2049 1099 2157 1164 qui,

223 1181 360 1231 sicut
381 1188 454 1242 tu,
476 1181 605 1246 quia
629 1179 995 1246 professione⁷
1011 1198 1111 1232 sua
1136 1187 1265 1232 sunt
1295 1182 1650 1248 predicanteS,
1678 1183 1907 1235 dimisso
1933 1191 2157 1251 propter

223 1267 580 1317 reverentiam
633 1268 853 1333 proprio
902 1269 1123 1318 nomine
1178 1266 1592 1335 predicatorum,
1642 1267 1744 1319 sibi
1796 1286 1997 1321 nomen
2049 1287 2160 1337 quo

223 1351 436 1403 nullum
492 1360 576 1403 est
637 1352 897 1404 humilius
952 1354 1246 1421 elegerunt,
1301 1370 1359 1404 se
1412 1354 1661 1406 absolute
1719 1354 1862 1423 [27r]
1921 1359 2155 1408 mInores

224 1437 374 1489 nullo
416 1446 652 1505 excepto
697 1438 917 1490 homine
955 1442 1317 1501 nominantes,
1357 1442 1589 1492 seientes
1627 1443 1890 1509 seriptum
1929 1460 2048 1494 esse
2086 1443 2155 1495 ab

224 1523 541 1591 Augustino
567 1542 727 1591 super
763 1525 1039 1592 psalmum
1066 1527 1284 1579 “Vobis
1309 1527 1512 1579 erimus
1541 1528 1773 1579 maiores
1813 1530 1855 1580 si
1895 1528 2156 1581 fuerimus

226 1611 537 1662 humiliores
558 1611 612 1659 '':
653 1618 707 1663 et
724 1613 983 1680 scriptum
1001 1613 1020 1643 S
1042 1612 1175 1666 Gen.
1201 1616 1269 1677 48
1293 1613 1503 1665 “frater
1518 1614 1635 1665 eius
1659 1615 1835 1666 minor
1856 1615 2027 1667 maior
2053 1616 2155 1667 erit

228 1697 365 1760 i110,''
399 1698 539 1749 sicut
572 1697 846 1763 Johannes
871 1699 1109 1766 baptista
1135 1699 1332 1766 repulit
1357 1716 1556 1751 nomen
1588 1701 1855 1768 prophete
1881 1711 1936 1752 et
1961 1719 2159 1754 nomen

224 1784 391 1837 etiam
427 1784 589 1837 Helie
623 1786 722 1837 sibi
753 1794 938 1838 tamen
978 1784 1227 1837 debitum
1267 1787 1519 1854 preconio
1550 1787 1845 1839 salvatoris.
1923 1788 2015 1839 Ad
2054 1789 2158 1840 hoc

224 1871 356 1923 nihil
383 1880 466 1923 est
493 1870 778 1923 essentiale
805 1871 985 1932 statui,
1013 1873 1159 1938 quod
1186 1890 1259 1923 ex
1287 1871 1462 1924 aliena
1487 1880 1543 1924 et
1569 1874 1826 1925 exteriori
1853 1874 2159 1942 dependet9

223 1957 501 2009 voluntate
523 1977 534 2021 ;
564 1957 737 2009 ordini
763 1965 948 2010 autem
971 1966 1082 2021 tuo,
1103 1958 1256 2021 sicut,
1281 1966 1336 2008 et
1363 1959 1553 2010 ceteris
1575 1978 1607 2010 a
1628 1959 1794 2012 latere
1817 1961 2157 2014 venientibus

225 2060 334 2095 non
367 2045 544 2095 minus
582 2052 635 2096 te
672 2044 1039 2112 privilegiatis
1068 2045 1329 2112 competit
1366 2045 1553 2097 alienis
1592 2046 1870 2113 predicare
1903 2048 2157 2115 gregibus

224 2129 294 2180 de
332 2129 673 2197 beneplacito
712 2132 1079 2198 prelatorum:
1118 2131 1213 2182 tibi
1253 2148 1384 2198 ergo
1423 2131 1699 2198 predicare
1735 2149 1843 2184 non
1871 2141 1954 2185 est
1979 2151 2155 2185 essen-

227 2215 368 2278 tiale,
395 2216 491 2268 sed
519 2233 612 2283 per
637 2216 883 2269 accidens
910 2216 1135 2268 advenit
1150 2223 1205 2267 et
1226 2218 1296 2269 ab
1320 2224 1491 2281 extra,
1512 2220 1794 2285 presertim
1820 2236 1944 2271 cum
1970 2220 2157 2289 regula

226 2304 397 2354 sancti
425 2303 738 2369 Augustini,
763 2322 796 2355 a
821 2321 931 2370 qua
955 2303 1149 2354 diceris
1175 2303 1445 2371 regularis,
1466 2304 1672 2356 nullam
1700 2305 1770 2357 de
1790 2306 2159 2373 predicatione

226 2389 389 2441 faciat
428 2391 775 2441 mentionem.
852 2390 944 2441 Ad
972 2390 1074 2440 hoc
1099 2390 1437 2442 essentialius
1467 2392 1728 2457 competit
1748 2391 1967 2444 cuilibet
1993 2395 2159 2445 statui

228 2476 377 2541 quod
393 2478 654 2543 competit
671 2476 712 2506 1⁰
726 2479 775 2527 ei
792 2493 864 2527 ex
883 2477 1071 2544 regula
1087 2493 1251 2543 quam
1271 2477 1417 2544 quod
1435 2478 1698 2545 competit
1713 2480 1761 2529 ei
1781 2477 1821 2507 11
1840 2497 1911 2530 ex
1929 2488 2133 2532 statuto
2149 2498 2160 2544 3

229 2560 481 2613 fratribus
497 2570 680 2613 autem
699 2562 996 2614 minoribus
1012 2563 1140 2614 solis
1157 2563 1456 2630 competit12
1468 2565 1741 2630 predicare
1757 2581 1828 2616 ex
1843 2565 2040 2632 regula,
2056 2583 2161 2633 que

230 2647 299 2699 de
332 2648 434 2699 hoc
468 2649 522 2699 in
547 2648 762 2701 duobus
788 2648 1027 2716 loquitur
1054 2649 1318 2716 capituliS,
1338 2650 1560 2702 tradens
1587 2651 1751 2702 etiam
1780 2651 2161 2719 predicationis

230 2732 460 2785 formam
483 2734 915 2802 predicantibus;
944 2735 1103 2787 nullis
1138 2753 1268 2802 ergo
1294 2754 1368 2787 ex
1393 2742 1601 2788 statuto
1627 2737 2032 2805 predicantibus
2058 2738 2161 2789 hoc

229 2821 485 2872 convenit
510 2821 848 2872 essentialius
879 2839 1044 2889 quam
1070 2823 1218 2889 ipsis,
1248 2840 1372 2874 cum
1401 2825 1453 2874 in
1480 2823 1663 2891 regula
1688 2825 1986 2875 consistant
2006 2826 2045 2856 13
2082 2841 2161 2874 re-

233 2907 446 2974 ligionis
460 2908 770 2959 essentialia
784 2915 838 2959 et
855 2908 1206 2960 accidentalia
1224 2908 1263 2942 14
1278 2910 1332 2960 in
1351 2911 1581 2962 statutis,
1645 2909 1811 2976 Quod
1829 2910 1871 2960 si
1888 2910 2036 2961 dicas
2052 2920 2160 2962 sta-

232 3001 352 3044 tuta
369 3000 464 3044 tua
477 3010 592 3044 esse
610 2994 650 3025 15
668 3011 761 3061 per
777 2995 965 3045 sedem
983 2995 1337 3062 apostolicam
1360 2996 1696 3059 confirmata,
1719 2996 1972 3047 attendas
1993 2997 2158 3047 etiam

341 3106 355 3130 1
376 3106 434 3144 Ds
463 3105 506 3144 dt
536 3106 782 3158 capitulum,
813 3106 893 3154 A.;
939 3106 1064 3146 Unde
1086 3107 1256 3146 LXXX.
1289 3108 1354 3154 de,
1376 3107 1476 3147 dicit
1496 3108 1746 3158 capitulum,
1781 3107 1830 3147 B.
1891 3106 1960 3159 Cf.
1987 3108 2157 3148 Decreti

234 3175 334 3213 Pars
354 3173 381 3212 i.
405 3173 516 3212 Dist.
538 3173 719 3212 lxxxviii.
741 3186 834 3226 cap.
854 3174 911 3213 vi.

342 3241 359 3266 2
376 3255 460 3289 rex,
481 3242 531 3281 A.
1093 3243 1111 3268 3
1130 3241 1262 3290 daret,
1283 3244 1334 3283 A.
1352 3254 1362 3290 ;
1390 3243 1543 3292 dicere,
1564 3245 1614 3284 B.

341 3309 358 3334 4
373 3309 485 3349 unde
507 3309 599 3362 (om.
629 3310 702 3362 et),
725 3310 774 3349 B.
1095 3310 1110 3335 5
1131 3309 1232 3350 dicit
1250 3310 1359 3351 libro
1379 3312 1515 3362 primo
1534 3311 1761 3362 pastoralis
1781 3311 1968 3364 capitulo
1989 3323 2026 3362 7,
2059 3312 2112 3357 Β.

341 3378 486 3430 6ergo,
509 3379 559 3418 B.
1092 3378 1109 3403 ⁷
1125 3391 1177 3417 ex
1205 3378 1482 3430 professione,
1507 3380 1555 3420 B.

340 3445 357 3471 ⁸
373 3454 415 3486 et
435 3446 639 3497 sciiptum
659 3453 735 3493 est,
759 3445 809 3485 B.
1095 3446 1112 3471 9
1128 3446 1384 3498 dependent,
1403 3448 1455 3486 A.

339 3513 373 3539 1⁰
390 3514 563 3554 cuilibet
582 3513 710 3553 statui
731 3512 843 3566 quod
863 3513 1077 3566 competit,
1098 3527 1175 3553 om.
1208 3514 1256 3553 B.

341 3582 376 3607 11
394 3582 446 3629 ei,
466 3595 545 3622 om.
569 3582 617 3623 B.
1085 3581 1122 3607 12
1135 3581 1344 3630 convenit,
1368 3583 1418 3622 B.
1620 3582 1657 3608 13
1670 3583 1889 3631 consistat,
1911 3583 1961 3624 B.

339 3649 378 3674 ²4
393 3648 643 3696 accidentia,
667 3649 717 3687 B.
1088 3648 1125 3673 1⁵
1138 3661 1248 3694 esse,
1277 3661 1352 3688 om.
1382 3649 1435 3689 A.
