2512 4034
766 311 1241 364 TRACTATUS
1284 309 1675 361 PAUPERIS
1930 339 1933 342 ·
2114 311 2182 376 89

252 468 312 509 et
335 459 640 510 verberibus
666 459 735 508 ad
763 475 915 524 spem
943 457 1185 506 animum
1225 454 1505 504 reformat:
1544 454 1688 503 dicat
1725 469 1854 519 ergo
1893 452 2036 503 bona
2073 469 2179 518 que

257 544 383 595 fecit
421 552 480 595 ut
516 561 624 594 non
665 551 886 611 cogatur
924 546 1062 593 inter
1099 541 1241 592 mala
1278 541 1346 590 de
1386 557 1441 590 se
1486 539 1769 605 desperare
1813 556 1918 604 que
1964 537 2178 590 audit''.

267 630 383 680 Hec
410 630 717 696 Gregorius,
800 630 939 680 Item
968 630 1126 679 tertio
1152 627 1221 677 ad
1251 627 1620 677 confusionem
1650 626 1942 690 impiorum
1986 623 2181 674 fallaci-

252 728 337 767 ter
360 716 721 783 gloriantium,
747 717 885 765 sicut
910 713 1198 781 apostolus,
1226 719 1286 763 ut
1313 711 1518 778 pseudo
1552 712 1779 778 gloriam
1818 719 2094 770 sterneret,
2122 727 2178 759 se

256 805 435 868 ipsum
474 803 638 853 etiam
680 803 733 850 in
776 800 1174 866 comparatione
1223 812 1409 848 eorum
1461 797 1680 862 pertulit
1717 795 2176 857 commendandO,

254 903 287 938 2
330 888 447 940 Cor.
486 890 557 938 xi.
597 884 743 958 [23]:
786 887 1013 937 ministri
1054 884 1251 937 Christi
1291 892 1428 946 sunt,
1467 890 1522 933 et
1559 899 1679 948 ego,
1718 889 1811 933 etc.

365 974 457 1024 Ad
484 975 587 1024 xim
613 973 903 1023 dicendum
931 971 1078 1037 quod
1107 972 1333 1022 omnino
1357 978 1411 1020 et
1450 969 1769 1035 simpliciter
1808 985 1963 1018 suam
2002 968 2180 1034 religi-

250 1077 415 1111 onem
442 1061 587 1110 omni
614 1060 702 1109 alii
730 1058 975 1125 preferre,
1005 1075 1115 1108 non
1154 1064 1237 1108 est
1274 1057 1512 1106 hominis
1551 1055 1838 1120 prudentia
1876 1053 2181 1120 gubernati,

256 1162 381 1196 cum
423 1145 660 1211 quelibet
698 1162 796 1195 sua
840 1145 1180 1210 prerogativa
1229 1142 1484 1209 gaudeat.
1569 1141 1727 1191 Illam
1778 1147 1977 1201 tamen,
2018 1156 2183 1204 quam

254 1234 424 1282 artior
477 1231 828 1282 commendat
880 1231 1188 1297 penitentia,
1240 1246 1405 1294 quam
1456 1230 1567 1278 vite
1620 1229 1826 1293 puritas
1878 1226 2187 1293 preradiare

258 1317 394 1378 facit,
421 1318 490 1367 ad
529 1334 692 1382 quam
734 1316 876 1367 sedis
915 1315 1214 1381 apostolica
1251 1331 1360 1364 non
1398 1330 1578 1364 errans
1618 1313 1847 1364 aliarum
1876 1310 2184 1378 regularum

224 1402 579 1469 *professores
616 1404 846 1453 transire
884 1402 1160 1467 permittit,
1200 1402 1254 1450 in
1301 1417 1408 1466 qua
1452 1399 1652 1451 Christi
1705 1405 1760 1449 et
1812 1397 2186 1465 apostolorum

248 1489 552 1540 evidentius
615 1491 951 1540 conversatio
1011 1487 1251 1555 refulget,
1303 1489 1357 1537 in
1419 1503 1527 1552 qua
1589 1494 1900 1536 sanctarum
1966 1484 2183 1536 uberior

255 1576 508 1642 recipitur
550 1578 707 1642 copia
750 1592 1116 1641 personarum,
1159 1572 1394 1640 preferre
1445 1573 1562 1622 aliis
1613 1570 1794 1638 quoad
1848 1570 2017 1621 multa
2071 1571 2188 1620 sine

248 1662 477 1719 aliarum
503 1663 695 1712 iniuria
722 1678 831 1711 non
858 1669 939 1712 est
966 1662 1274 1726 arrogantia
1301 1660 1395 1709 sed
1422 1660 1608 1725 pietaS‚
1638 1674 1761 1708 cum
1792 1657 1860 1708 ad
1889 1656 2180 1707 utilitatem

251 1750 584 1799 convertitur
629 1749 946 1799 animarum.
1022 1746 1145 1812 Que
1189 1747 1282 1811 qui
1328 1760 1439 1795 non
1485 1744 1653 1794 credit
1705 1743 1851 1809 legat
1900 1742 2186 1806 epistolam

260 1835 517 1885 Bernardi
556 1835 625 1884 ad
665 1834 968 1885 Robertum
1009 1831 1335 1883 monachum
1377 1831 1604 1897 [Migne‚
1644 1830 1774 1880 Pax.
1801 1828 1924 1881 Lat.
1954 1827 2186 1878 clxxxii.

252 1923 326 1984 (37
367 1930 419 1972 εἰ
451 1923 589 1991 seq.],
618 1937 780 1987 quem
819 1920 1133 1971 huiusmodi
1172 1916 1611 1985 persuasionibus
1650 1917 1840 1966 nititur
1875 1913 2112 1965 multum
2157 1931 2189 1964 a

254 2007 516 2058 Cluniaco
539 2008 608 2058 ad
648 2007 1044 2060 Claravallense
1083 2006 1470 2056 monasterium
1510 2019 1793 2054 revocare:
1836 2002 1982 2067 legat
2021 2003 2185 2052 etiam

263 2095 595 2145 leronimum
634 2095 703 2144 ad
748 2093 1107 2144 Heliodorum
1148 2092 1376 2158 [Migne‚
1413 2090 1541 2141 Pal.
1581 2090 1701 2140 Lat.
1728 2089 1867 2159 xxii.
1905 2087 2027 2154 547]
2071 2105 2188 2154 pre-

254 2179 518 2231 ferentem
565 2196 825 2247 pauperes
873 2180 1167 2229 monachos
1211 2178 1472 2229 divitibus
1517 2194 1579 2231 ac
1625 2176 1896 2226 dicentem
1943 2174 2014 2225 de
2060 2175 2189 2240 ipsis

254 2284 441 2333 aspere
476 2267 851 2317 subsanando:
896 2265 1018 2317 Sint
1058 2265 1275 2315 ditiores
1312 2263 1560 2314 monachi
1598 2279 1762 2329 quam
1799 2261 2014 2313 fuerant
2038 2278 2190 2312 secu-

257 2354 403 2416 lareS‚
434 2360 489 2403 et
513 2361 690 2404 cetera
728 2370 836 2419 que
872 2360 1186 2417 sequuntur.
1266 2349 1526 2417 Amplius
1565 2350 1631 2399 de
1673 2357 1818 2399 statu
1861 2347 2188 2414 prelatorum

257 2447 405 2506 patet
443 2457 604 2506 supra
646 2453 711 2503 14
747 2435 884 2505 cap0.
964 2438 1218 2504 Amplius
1257 2444 1432 2487 status
1471 2435 1842 2501 religiosorum
1884 2442 1966 2484 est
2012 2440 2184 2483 status

259 2526 603 2592 perfectionis
650 2527 864 2592 proprie
902 2524 1264 2591 adquirende3
1304 2530 1477 2574 status
1523 2528 1706 2573 autem
1754 2519 2073 2587 prelationis
2109 2524 2192 2568 est

257 2618 431 2662 status
458 2612 801 2678 perfectionis
828 2612 1143 2674 exercende,
1174 2613 1247 2661 ita
1273 2610 1420 2676 quod
1448 2626 1556 2660 non
1584 2616 1668 2659 est
1701 2608 1925 2658 omnino
1963 2607 2191 2656 univoca

256 2699 588 2764 comparatio
633 2698 944 2764 prelationis
988 2705 1042 2748 et
1086 2698 1356 2764 religionis
1399 2696 1467 2746 ad
1515 2694 1916 2762 perfectionem.
1993 2690 2191 2741 Nullus

255 2785 406 2834 enim
445 2783 603 2834 debet
642 2784 937 2835 secundum
979 2786 1094 2834 iura
1133 2783 1200 2833 ad
1239 2782 1592 2850 prelationem
1626 2781 1830 2830 assumi
1857 2779 1959 2828 nisi
1987 2779 2191 2828 virtute

261 2869 556 2935 perfectus:
611 2870 680 2920 ad
721 2870 1034 2936 religionem
1074 2877 1257 2920 autem
1309 2870 1535 2918 veniunt
1587 2874 1894 2933 peccatores
1935 2871 1988 2913 et
2038 2864 2189 2929 pueri

258 2957 520 3005 virtutum
572 2955 673 3005 sibi
727 2958 939 3023 copiam
992 2972 1307 3022 comparare
1327 2952 1403 3020 [?].
1496 2954 1663 3005 Unde
1715 2950 1901 3016 religio
1952 2949 2021 3000 ad
2073 2965 2190 3014 per-

258 3041 548 3091 fectionem
575 3058 631 3091 se
657 3041 819 3092 habet
843 3047 903 3091 ut
929 3040 1196 3091 medicina
1221 3041 1288 3090 ad
1317 3041 1608 3090 sanitatem
1630 3035 1980 3103 corporalem.
2066 3034 2191 3083 Pre-

260 3127 392 3177 latio
418 3133 600 3177 autem
627 3144 684 3176 se
709 3126 874 3177 habet
900 3126 968 3177 ad
1011 3126 1397 3192 perfectionem
1438 3131 1498 3175 ut
1539 3124 1732 3174 militia
1768 3122 1838 3171 ad
1878 3121 2186 3171 sanitatem.

260 3212 517 3279 Amplius
544 3212 874 3278 prelatorum
900 3214 1119 3263 nomine
1147 3213 1361 3278 proprie
1387 3209 1756 3276 intelliguntur
1774 3208 2028 3273 episcopi,
2052 3222 2189 3271 quos

261 3307 375 3350 tota
403 3298 566 3349 debet
593 3300 706 3349 iure
733 3297 958 3348 ecclesia
985 3300 1240 3359 revereri;
1271 3297 1498 3348 aliorum
1527 3304 1711 3346 autem
1738 3295 1852 3343 vita
1873 3292 2189 3342 inferiorum

262 3386 420 3451 longe
461 3384 722 3435 inferioris
766 3391 847 3434 est
886 3386 1078 3447 meriti,
1125 3392 1345 3451 propter
1389 3383 1536 3448 quod
1581 3383 1657 3430 eis
1702 3378 1835 3429 liber
1880 3377 2192 3429 conceditur

263 3473 533 3536 ingressus
577 3471 644 3521 ad
688 3470 1001 3536 religionem
1047 3471 1204 3536 quasi
1248 3469 1317 3519 ad
1360 3467 1570 3534 frugem
1614 3466 1848 3517 melioris
1892 3465 2003 3515 vite
2050 3465 2192 3514 sicut

262 3563 413 3622 patet
456 3557 654 3619 [causa]
703 3570 765 3622 19
805 3573 851 3621 q.
899 3570 919 3607 Ι
964 3573 1033 3606 ex
1070 3555 1296 3606 concilio
1335 3554 1616 3606 Toletano,

374 3643 463 3693 Ad
505 3644 627 3692 xiim
667 3642 815 3708 quod
850 3642 1013 3693 nichil
1060 3644 1114 3692 in
1158 3656 1345 3692 eorum
1388 3640 1572 3706 regula
1616 3638 1848 3689 habetur
1889 3635 2036 3702 quod
2082 3651 2194 3686 non
