2512 4034
746 237 1071 290 CONTRA
1115 237 1611 290 KILWARDBY
2042 257 2136 308 143

214 381 348 431 dum
390 387 464 441 tu,
510 381 656 447 quod
698 389 898 432 temere
936 380 1085 442 faciS‚
1133 382 1351 432 innixus
1395 383 1685 434 mendaciis
1721 383 2019 437 insontibus
2065 389 2139 438 in-

216 465 408 532 pingis·

315 552 377 603 R.
419 553 688 603 Postremo
725 570 843 603 cum
876 569 968 603 nec
993 553 1220 619 campere
1256 570 1346 603 nec
1372 552 1557 605 habere
1588 555 1782 607 vitium
1809 566 1897 620 est,
1927 576 2015 608 nec
2038 578 2137 610 non

212 639 400 692 habere
434 642 520 692 vel
549 658 650 692 non
689 642 911 707 accipere
931 641 948 671 1
977 642 1165 705 virtus,
1192 643 1288 693 sed
1305 644 1476 694 solum
1505 662 1633 694 usus
1659 663 1851 708 rerum,
1877 647 1931 697 sz‘
1954 649 2138 700 intem-

203 739 425 797 peratus
449 739 534 794 est,
565 731 785 782 vitiosus
809 739 896 793 est,
923 731 976 781 sz‘
999 739 1312 797 temperatus
1336 741 1413 783 est
1436 734 1611 784 virtus
1631 734 1649 764 2
1677 736 1764 785 vel
1784 737 2137 802 virtuosus,—

212 821 351 886 -quz'd
374 820 583 886 prodest
616 821 746 871 aliis
764 824 783 853 3
808 837 862 870 se
888 821 1127 871 iactando
1141 820 1379 887 preferre
1403 822 1466 873 de
1491 840 1592 873 non
1620 825 1902 890 reczjhiendo
1929 828 2017 877 vel
2038 846 2139 879 non

213 909 457 974 habendo,
485 918 741 976 tanquam
771 910 833 960 de
861 917 1006 960 statu
1034 912 1393 975 excellentiori,
1422 930 1540 962 cum
1568 913 1716 963 zlrtud
1732 915 1807 964 sit
1839 915 2143 984 z‘ndzjfferens

211 1000 294 1050 ad
313 1000 557 1050 virtutem
585 1007 635 1050 et
656 999 852 1050 vicium
870 999 1056 1065 P—Jo.
1094 999 1291 1051 Audeo
1317 1000 1494 1051 dicere
1524 1010 1579 1052 et
1609 1009 1664 1052 te
1701 1019 1977 1070 nunquam
2014 1022 2143 1072 pau-

215 1089 630 1156 per-[22r]-tatis
657 1089 888 1139 fructum
910 1086 1268 1153 intellegisse3
1310 1086 1353 1136 si
1381 1087 1522 1138 enim
1550 1094 1605 1139 et
1621 1087 1642 1117 4
1667 1088 1720 1139 in
1740 1105 1839 1140 usu
1860 1107 2032 1143 rerum
2059 1101 2141 1144 est

212 1173 427 1226 affectio
466 1173 816 1235 moderanda,
855 1174 982 1240 quia
1018 1190 1142 1223 usus
1185 1178 1366 1240 potest
1393 1189 1510 1224 esse
1536 1174 1651 1225 sine
1677 1174 1849 1242 culpa,
1876 1194 1988 1228 non
2015 1187 2141 1231 sunt

211 1261 354 1312 bona
391 1261 607 1327 propria
634 1259 947 1322 deserenda,
975 1259 1283 1325 frustraque
1308 1257 1452 1309 dixit
1479 1260 1751 1311 Dominus
1781 1262 1911 1314 Mat.
1946 1277 2012 1331 19
2038 1265 2142 1317 “Si

209 1346 291 1397 vis
330 1346 598 1413 perfectus
624 1363 739 1397 esse
763 1347 906 1397 vade
932 1353 986 1397 et
1013 1345 1185 1396 vende
1213 1347 1397 1396 omnia
1423 1363 1529 1412 que
1555 1345 1722 1398 habes
1742 1347 1782 1400 ''.
1864 1349 2142 1418 Intelligas

210 1432 460 1484 divitias⁵
498 1450 605 1484 non
645 1450 764 1484 esse
807 1431 977 1484 malas
1021 1430 1385 1492 essentialiter,
1423 1431 1517 1482 sed
1555 1434 1975 1499 occasionaliter,
2017 1438 2143 1504 quia

210 1520 419 1570 occasio
457 1527 583 1570 sunt
622 1518 845 1584 triplicis
888 1517 1112 1570 affectus
1159 1517 1464 1580 inordinati,
1504 1527 1564 1570 ut
1601 1536 1766 1586 supra
1809 1521 2013 1574 dictum
2049 1531 2144 1576 est.

216 1605 358 1657 Item
397 1623 662 1673 ponamus
689 1605 897 1656 nullum
926 1621 1045 1655 esse
1071 1612 1355 1671 peccatum
1381 1605 1581 1656 habere
1607 1613 1659 1656 et
1685 1608 1763 1657 uti
1790 1607 1990 1660 divitiis
2010 1625 2021 1666 ;
2063 1617 2143 1660 est

214 1699 398 1743 tamen
438 1691 762 1758 perfectius6
797 1707 975 1742 carere
1012 1691 1250 1754 divitiis;
1291 1691 1437 1741 unde
1479 1691 1781 1743 Ieronimus
1823 1695 1876 1744 in
1915 1695 2144 1761 epistola

209 1779 448 1844 quadam
481 1777 624 1828 dixit
651 1781 679 1803 “
699 1779 907 1829 extruis
935 1778 1279 1839 monasteria,
1309 1776 1401 1828 ubi
1423 1776 1441 1807 ⁷
1468 1776 1671 1829 multus
1698 1796 1730 1829 a
1755 1786 1810 1830 te
1835 1789 2142 1833 sanctorum

209 1881 464 1915 numerus
503 1870 848 1925 sustentatur,
888 1865 982 1914 sed
1025 1863 1217 1914 melius
1244 1864 1440 1914 faceres
1467 1865 1510 1913 si
1539 1872 1594 1915 et
1620 1865 1734 1931 ipse
1761 1873 1979 1918 sanctus
2007 1869 2145 1919 inter

210 1958 425 2002 sanctos
440 1948 691 2000 viveres'’.
753 1949 893 2000 Item
917 1949 1219 2000 Ieronimus
1236 1948 1306 2000 ad
1327 1950 1762 2004 Demetriadem:
1799 1957 1825 1980 “
1842 1951 2143 2019 Apostolici

210 2035 407 2103 fastigii
427 2035 773 2102 perfecteque
789 2037 1005 2087 virtutis
1023 2043 1105 2087 est
1120 2035 1139 2065 8
1152 2037 1336 2087 omnia
1354 2036 1589 2087 vendere
1607 2044 1662 2088 et
1680 2039 2010 2104 pauperibus
2035 2041 2143 2091 dis-

210 2123 455 2185 tribuere,
492 2130 548 2173 et
584 2123 660 2173 sic
697 2121 868 2173 levem
897 2130 1061 2189 atque
1086 2123 1409 2188 expeditum
1437 2139 1561 2174 cum
1592 2123 1809 2176 Christo
1834 2125 1902 2175 ad
1929 2125 2146 2177 celestia

208 2208 490 2260 subvolare
510 2207 548 2260 ”.
602 2207 765 2260 Certe
781 2208 1079 2259 secundum
1099 2210 1362 2260 rationem
1382 2217 1551 2271 tuam,
1576 2226 1683 2260 non
1701 2217 1784 2261 est
1805 2228 2007 2278 pauper
2026 2230 2144 2279 per-

210 2295 396 2346 fectior
422 2294 720 2346 secundum
748 2302 953 2346 statum
980 2294 1159 2356 divite,
1187 2311 1285 2346 nec
1310 2297 1465 2362 virgo
1492 2313 1656 2362 quam
1685 2305 1873 2363 nupta,
1893 2315 2017 2349 cum
2045 2316 2142 2349 nu-

213 2382 339 2432 bere
365 2398 475 2432 non
501 2383 570 2431 sit
602 2387 889 2447 peccatum
916 2398 1016 2431 nec
1043 2380 1187 2432 licite
1215 2383 1293 2432 uti
1320 2397 1481 2447 opere
1508 2382 1780 2449 coniugali
1804 2403 1814 2434 :
1840 2391 1894 2434 et
1921 2385 1975 2435 in
2003 2384 2105 2436 hoc
2125 2385 2144 2415 9

212 2483 411 2518 errores
439 2466 814 2533 dampnabiles
852 2468 1107 2533 inpegisti
1143 2468 1390 2518 nesciens
1420 2467 1754 2535 distinguere
1789 2469 1929 2521 inter
1959 2476 2141 2522 actum

214 2553 587 2620 imperfectum
606 2560 659 2604 et
684 2560 984 2619 peccatum.
1049 2552 1207 2604 Velle
1223 2555 1367 2604 enim
1388 2554 1588 2605 habere
1606 2555 1822 2606 divitias
1843 2556 1925 2607 vel
1953 2557 2143 2607 volun-

212 2642 345 2691 tarie
360 2639 561 2691 habere
575 2657 665 2690 eas
685 2655 782 2706 per
797 2637 897 2689 5610
914 2639 1189 2691 infirmum
1204 2647 1257 2690 et
1273 2640 1625 2707 inperfectum
1639 2649 1735 2703 est,
1752 2650 1807 2692 et
1820 2648 2002 2694 tamen
2021 2661 2141 2709 pec-

210 2734 392 2777 catum
406 2743 515 2776 non
533 2734 626 2788 est,
644 2727 746 2775 nisi
768 2725 1087 2777 libidinosus
1110 2728 1177 2776 sit
1192 2728 1480 2793 appetituS.
1538 2726 1747 2794 Sponte
1763 2734 1945 2778 autem
1963 2746 2141 2780 carere

215 2812 414 2862 divitiis
435 2828 532 2878 pro
551 2810 778 2874 Christ0‚
804 2828 925 2877 pars
948 2810 987 2842 Π
1010 2819 1092 2863 651;
1113 2811 1463 2878 perfectionis
1479 2814 1784 2878 evangelice
1807 2821 1867 2864 ut
1887 2831 2048 2881 supra
2067 2816 2143 2865 vi-

212 2913 332 2948 sum
350 2905 448 2950 est.
492 2897 712 2965 Quanto
726 2899 871 2948 enim
889 2898 1008 2964 quis
1028 2897 1324 2949 absolvitur
1343 2898 1384 2928 12
1403 2916 1434 2948 a
1451 2898 1664 2962 divitiis,
1688 2906 1842 2950 tanto
1859 2900 2143 2966 perfectior

213 2991 296 3034 est
333 2991 600 3049 quantum
619 2983 660 3012 13
686 2983 755 3034 ad
795 2983 911 3035 hoc,
990 2983 1218 3035 Adhuc:
1249 2986 1497 3051 quamvis
1535 2986 1781 3036 omnium
1816 2988 2142 3037 renuntiatio

325 3166 340 3190 1
357 3166 553 3218 recipere,
576 3166 624 3204 B.
865 3166 881 3191 2
897 3166 932 3205 si
952 3173 1213 3218 temperatus
1232 3168 1459 3216 virtuosus,
1482 3168 1531 3206 B.
1753 3168 1769 3193 3
1785 3167 1879 3207 aliis
1899 3181 1958 3216 ac,
1982 3170 2030 3207 A.

325 3234 341 3258 4
357 3240 401 3273 et
420 3241 462 3273 te
493 3262 502 3273 .
535 3262 544 3273 .
568 3228 586 3272 '‚
618 3233 729 3272 enim
750 3240 804 3281 et,
825 3246 900 3273 om.
926 3233 991 3282 B.,
1014 3233 1150 3274 which
1173 3236 1296 3275 reads
1319 3234 1496 3275 “audeo
1516 3235 1654 3276 dicere
1674 3235 1709 3274 si
1729 3236 1771 3274 in
1792 3248 1870 3275 usu
1885 3236 1922 3275 '’.

326 3302 342 3327 5
359 3301 582 3352 Intelligas
600 3312 702 3352 ergo
723 3300 906 3350 divitias,
929 3302 976 3340 B.
1110 3302 1127 3327 ⁶
1143 3310 1207 3341 est
1228 3310 1370 3342 tamen
1392 3310 1505 3342 certe
1525 3303 1764 3353 perfectius,
1789 3303 1839 3343 B.

326 3369 342 3394 7
358 3368 442 3408 ubi.
465 3381 541 3408 om.
577 3369 626 3407 B.
1115 3369 1131 3394 8
1149 3377 1227 3419 est,
1247 3383 1323 3410 om.
1349 3371 1398 3410 B.

325 3436 343 3462 9
359 3443 398 3476 et
420 3436 463 3474 in
483 3436 576 3484 hos,
597 3437 647 3476 A.
668 3447 677 3484 ;
706 3443 750 3476 et
770 3436 812 3475 in
832 3436 925 3484 hoc,
949 3437 997 3476 B.
1112 3437 1148 3462 1⁰
1164 3450 1238 3489 per
1259 3450 1317 3485 se,
1339 3439 1389 3477 A.
1408 3452 1416 3484 3
1441 3439 1524 3477 Pro
1543 3450 1603 3486 se,
1625 3438 1673 3477 B.

326 3505 361 3530 Π
378 3515 493 3556 pars,
513 3504 563 3544 A.
583 3514 593 3552 ;
634 3516 705 3556 per
726 3516 785 3555 se,
812 3504 860 3543 B.
1113 3504 1150 3529 12
1166 3506 1338 3556 Quanto
1359 3517 1460 3557 ergo
1480 3505 1575 3557 quis
1596 3505 1776 3557 amplius
1797 3506 2038 3555 absolvitur,
2063 3508 2111 3547 B.

326 3572 363 3597 13
378 3583 517 3624 quam,
540 3572 668 3612 MSS.
