2512 4034
337 310 404 359 24
1116 290 1445 343 PECHAM

331 447 450 489 orat
477 437 734 489 Salomon
760 437 832 487 sic
854 456 862 488 :
905 437 1356 486 “Mendicitatem
1384 441 1436 485 et
1463 434 1675 484 divitias
1701 448 1770 482 ne
1795 431 2007 482 dederis
2035 429 2165 479 mihi
2184 427 2238 478 '’:

332 524 427 574 sed
457 523 718 574 Salomon
758 524 944 590 plenus
971 522 1156 587 spiritu
1190 528 1377 571 sancto
1416 518 1546 569 nihil
1586 518 1881 584 perfectum
1920 516 2003 566 vel
2043 516 2242 565 bonum

328 617 444 659 orat
488 628 518 659 a
563 626 619 659 se
663 609 894 667 excludi,
933 624 1058 672 ergo
1095 615 1190 657 ete.
1235 647 1246 657 .
1286 648 1295 657 .
1336 647 1345 656 .
1390 608 1498 671 (19)
1556 603 1696 653 Item
1751 602 2067 652 mendicitas
2120 599 2243 650 facit

328 696 612 760 girovagos
650 702 703 744 et
740 691 1011 744 instabiles
1050 700 1103 742 et
1142 693 1287 757 cogit
1327 692 1568 741 societati
1608 689 1888 739 hominum
1927 686 2243 737 secularium

328 780 491 830 etiam
531 780 793 830 malorum
834 796 890 828 se
933 778 1126 843 pluries
1165 778 1536 838 intermiscere,
1579 792 1686 841 que
1727 774 1909 824 omnia
1954 780 2077 822 sunt
2121 788 2245 822 con-

330 866 618 916 versationi
668 865 916 931 religiose
966 865 1233 915 contraria
1281 865 1390 913 sive
1441 862 1670 912 inimica.
1751 861 1859 923 (20)
1931 859 2069 908 Item
2120 857 2247 907 facit

331 952 604 1001 mendicos
623 950 640 979 1
668 950 801 1000 tales
823 951 1128 1017 frequenter
1149 949 1523 999 necessitatem
1544 947 1791 996 simulare
1811 953 1864 995 et
1891 945 2245 1004 sanctitatem,

331 1036 531 1086 adulari
558 1035 833 1097 dantibus,
863 1036 1146 1086 detrahere
1171 1051 1278 1084 non
1305 1034 1571 1092 dantibuS‚
1591 1049 1695 1098 que
1716 1032 1901 1082 omnia
1922 1029 2065 1079 mala
2085 1036 2211 1079 sunt
2234 1045 2244 1090 ;

331 1138 456 1186 ergo
495 1128 548 1171 et
585 1127 753 1171 status
794 1121 1168 1171 mendicitatis,
1242 1119 1359 1184 (21)
1402 1119 1540 1169 Item
1580 1118 1715 1168 tales
1756 1115 2084 1165 mendicitati
2128 1114 2248 1163 sub-

330 1206 452 1257 iecti
490 1206 645 1256 huius
685 1208 965 1257 occasione
1004 1206 1306 1272 frequenter
1344 1222 1401 1254 se
1441 1205 1747 1253 immiscent
1785 1202 1972 1251 alienis
2002 1200 2247 1265 negotiiS,

330 1308 439 1341 non
479 1308 641 1341 manu
680 1293 773 1341 sed
812 1293 994 1358 lingua
1032 1291 1300 1357 ge1·endiS‚
1348 1289 1493 1355 quod
1530 1296 1612 1339 est
1657 1287 1979 1338 secularibus
2024 1285 2252 1351 negotiis

332 1377 621 1444 implicari:
663 1395 789 1443 ergo
815 1395 924 1428 non
965 1376 1218 1428 convenit
1256 1374 1511 1441 religioni.
1557 1414 1569 1426 .
1614 1417 1623 1426 .
1671 1417 1679 1426 .
1723 1373 1815 1424 Ad
1862 1388 1923 1438 19
1963 1371 2251 1422 dicendum

331 1464 476 1529 quod
516 1480 626 1513 non
666 1462 843 1513 omnis
881 1463 1165 1513 discursus
1194 1469 1275 1512 est
1313 1460 1667 1527 girovagaciO,
1706 1459 1941 1524 alioquin
1980 1456 2254 1524 apostolus

332 1549 528 1599 Paulus
578 1565 790 1600 summe
841 1549 1025 1600 fuisset
1075 1549 1373 1614 girovagus
1475 1545 1566 1596 Ad
1630 1547 1776 1595 cuius
1840 1544 2252 1609 intelligentiam

330 1634 648 1696 notandum,
675 1643 733 1685 ut
760 1652 921 1701 supra
958 1636 1129 1700 patuit
1154 1650 1265 1699 cap.
1295 1634 1342 1693 6,
1369 1632 1513 1698 quod
1540 1631 1762 1697 quidam
1791 1632 2067 1696 quiescunt
2093 1629 2255 1679 corde

328 1728 382 1771 et
408 1737 645 1787 corpore,
673 1722 808 1771 sicut
837 1720 1160 1788 professores
1185 1720 1355 1771 sancti
1383 1720 1492 1769 vite
1520 1718 1814 1768 monastice
1840 1723 1895 1766 et
1914 1715 2255 1766 ecclesiarum

324 1813 557 1858 rectores
584 1805 780 1872 aliqui.2
847 1806 958 1857 Alii
979 1807 1261 1868 quiescunt
1278 1806 1438 1856 corde
1459 1803 1551 1854 sed
1576 1821 1684 1854 non
1707 1819 1946 1869 corpore,
1970 1802 2037 1852 de
2057 1800 2251 1865 quibus

333 1892 622 1959 Gregorius
659 1909 814 1960 super
854 1892 1008 1943 EzeC.
1042 1892 1239 1942 omelia
1282 1890 1347 1954 5,3
1374 1906 1654 1957 exponens
1682 1889 1809 1939 illud
1853 1888 1990 1938 Dan.
2019 1887 2121 1954 [vii.
2161 1887 2253 1954 9]:

331 1977 589 2029 “Tronus
632 1981 753 2029 eius
792 1979 1014 2029 flamma
1060 1977 1241 2044 igniS‚'’
1285 1983 1406 2037 eto,
1451 1978 1608 2027 dicit:
1667 1975 1762 2025 Hii
1808 1975 1899 2040 qui
1951 1975 2254 2024 animarum

328 2066 574 2115 custodes
613 2073 737 2116 sunt
774 2074 827 2115 et
867 2064 1121 2132 pascendi
1158 2064 1336 2130 gregis
1375 2080 1538 2112 onera
1574 2063 1868 2127 suscipiunt
1908 2068 2114 2110 mutare
2143 2059 2259 2110 loca

331 2151 553 2201 minime
603 2152 982 2217 permittuntur
1024 2192 1033 2201 .
1076 2191 1085 2199 .
1126 2192 1136 2201 .
1182 2149 1256 2199 hii
1308 2156 1488 2199 autem
1541 2147 1635 2214 qui
1685 2163 1869 2198 amore
1922 2146 2150 2196 Domini
2202 2145 2256 2195 in

330 2236 691 2302 predicatione
731 2237 1043 2298 discurrunt,
1097 2240 1255 2285 “rote
1290 2236 1403 2285 eius
1443 2232 1621 2301 ignis’'
1665 2233 1914 2283 ardentes
1952 2239 2087 2282 sunt.
2133 2274 2143 2284 .
2188 2274 2198 2284 .
2245 2275 2254 2284 .

329 2323 443 2372 Alii
470 2331 594 2373 sunt
621 2323 710 2388 qui
737 2324 1016 2389 quiescunt
1041 2338 1261 2386 corpore
1286 2329 1341 2371 et
1367 2337 1475 2370 non
1500 2320 1678 2382 corde,
1703 2319 1836 2368 sicut
1857 2318 2076 2384 quidam
2106 2317 2258 2383 impii

330 2408 665 2459 voluntarie4
696 2411 861 2474 quieti
889 2409 942 2459 in
970 2425 1077 2458 uno
1117 2408 1234 2458 loco
1276 2406 1564 2457 detrahunt
1591 2405 1912 2472 pauperibus
1941 2403 2139 2454 Christi
2166 2420 2260 2469 per

329 2501 501 2545 totam
545 2494 823 2545 ecclesiam
871 2494 1173 2560 peregriniS‚
1212 2491 1448 2544 defectus
1494 2508 1679 2543 eorum
1726 2491 2076 2541 observantes
2117 2489 2259 2539 colli-

329 2588 517 2644 gentes
556 2588 610 2630 et
638 2580 1001 2646 scriptitantes
1031 2581 1180 2645 quasi
1221 2581 1459 2645 ipsorum
1489 2586 1721 2628 stercora
1750 2578 2095 2627 ruminantes
2140 2616 2149 2626 .

333 2665 548 2717 Horum
577 2668 729 2733 quies
747 2675 829 2717 est
846 2666 921 2716 eis
941 2667 1276 2726 infructuosa,
1297 2665 1466 2715 immo
1488 2664 1800 2730 perniciosa.
1845 2704 1854 2714 .
1896 2703 1904 2712 .
1947 2703 1957 2712 .
1999 2660 2260 2727 Religiosi

329 2752 489 2818 igitur
515 2769 610 2818 pro
637 2751 885 2802 fratribus
912 2751 1228 2802 elemosinas
1254 2752 1483 2818 petituri,
1511 2750 1645 2800 sicut
1685 2748 1875 2800 Paulus
1903 2764 1998 2814 pro
2023 2746 2258 2797 collectis

332 2837 588 2887 faciendis
639 2854 734 2903 per
784 2855 841 2887 se
890 2845 944 2888 et
989 2853 1084 2903 per
1128 2837 1260 2886 alios
1311 2836 1578 2886 laboravit
1619 2877 1629 2887 .
1675 2875 1686 2886 .
1732 2875 1760 2895 .,
1798 2841 1890 2884 aut
1935 2832 2258 2900 predicaturi

328 2924 530 2990 populo
555 2925 637 2974 vel
665 2924 869 2975 bonum
899 2923 1122 2974 ecclesie
1139 2923 1157 2951 ⁵
1177 2923 1333 2973 aliter
1354 2929 1714 2989 procuranteS,
1734 2937 1839 2970 non
1860 2918 1985 2970 sunt
2013 2919 2257 2985 girovagi

330 3008 637 3075 appellandi
678 3009 771 3060 sed
807 3016 922 3059 rote
962 3008 1196 3070 Domini,
1235 3025 1367 3074 quas
1404 3010 1545 3074 rapit
1582 3009 1690 3058 vite
1728 3006 1940 3073 spiritus
1976 3013 2161 3054 euntes
2203 3009 2258 3053 et

333 3094 619 3145 redeuntes
647 3097 700 3144 in
729 3095 953 3145 modum
994 3095 1213 3160 fulguris
1252 3095 1591 3145 coruscantis
1674 3093 1788 3143 Nec
1814 3099 1939 3142 sunt
1964 3091 2050 3139 isti
2078 3087 2259 3139 mere6

335 3181 612 3230 monastici
639 3181 889 3231 censendi
917 3198 1038 3231 cum
1063 3182 1231 3232 vitam
1257 3180 1490 3231 habeant
1516 3179 1873 3244 compositam
1912 3193 1983 3226 ex
2020 3176 2119 3225 hiis
2156 3190 2257 3239 que

334 3273 452 3315 sunt
480 3265 780 3317 difficiliora
807 3267 860 3316 in
888 3268 998 3317 vita
1026 3267 1336 3328 monastica,
1364 3273 1678 3332 paupertate
1705 3263 1918 3325 scilicet,
1948 3260 2256 3312 obedientia

334 3358 388 3400 et
426 3353 687 3411 castitate,
726 3360 780 3402 et
820 3353 934 3402 aliis
972 3352 1297 3418 quibusdam
1336 3350 1693 3402 observantiis
1732 3349 2042 3407 honestatiS,
2079 3354 2132 3395 et
2183 3361 2253 3394 ex

499 3482 512 3506 1
531 3483 578 3521 B.
600 3483 864 3522 mendicitas.
1050 3484 1065 3507 2
1082 3485 1131 3522 Β.
1154 3484 1345 3522 aliarum.
1406 3484 1467 3521 M.
1491 3481 1762 3521 ecclesiarum
1782 3479 1878 3518 boni
1899 3485 2091 3517 rectores.

497 3549 514 3573 ²³
530 3550 577 3588 B.
599 3550 675 3589 via.
1054 3552 1069 3575 4
1090 3553 1149 3590 M.
1172 3552 1463 3590 involuntarie.

499 3617 514 3640 5
532 3617 645 3656 EM.
667 3629 893 3657 commune
916 3617 1002 3670 (for
1025 3618 1231 3670 ecclesie).
1695 3616 1711 3640 ‘3
1728 3615 1845 3654 ΒΜ.
1867 3626 1941 3652 om.
1964 3625 2091 3651 mere.
