<?xml version="1.0" encoding="UTF-8"?>
<!DOCTYPE html PUBLIC "-//W3C//DTD XHTML 1.0 Transitional//EN"
    "http://www.w3.org/TR/xhtml1/DTD/xhtml1-transitional.dtd">
<html xmlns="http://www.w3.org/1999/xhtml" xml:lang="en" lang="en">
 <head>
  <title>
</title>
<meta http-equiv="Content-Type" content="text/html;charset=utf-8" />
  <meta name='ocr-system' content='tesseract 3.04.00' />
  <meta name='ocr-capabilities' content='ocr_page ocr_carea ocr_par ocr_line ocrx_word'/>
</head>
<body>
  <div class='ocr_page' id='page_1' title='image "./fratrisjohannisp00peck_0065.png"; bbox 0 0 2512 4034; ppageno 0'>
   <div class='ocr_carea' id='block_1_1' title="bbox 699 245 2119 309">
    <p class='ocr_par' dir='ltr' id='par_1_1' title="bbox 699 245 2119 309">
     <span class='ocr_line' id='line_1_1' title="bbox 699 245 2119 309; baseline -0.002 -10"><span class='ocrx_word' id='word_1_1' title='bbox 699 245 1180 300; x_wconf 79' lang='lat' dir='ltr'><strong>TRACTATUs</strong></span> <span class='ocrx_word' id='word_1_2' title='bbox 1222 245 1616 298; x_wconf 73' lang='lat' dir='ltr'>PAUPERIS</span> <span class='ocrx_word' id='word_1_3' title='bbox 2052 258 2119 309; x_wconf 82' lang='lat'><strong>47</strong></span> 
     </span>
    </p>
   </div>
   <div class='ocr_carea' id='block_1_2' title="bbox 189 388 2137 2779">
    <p class='ocr_par' dir='ltr' id='par_1_2' title="bbox 189 388 2127 973">
     <span class='ocr_line' id='line_1_2' title="bbox 191 388 2119 458; baseline -0.003 -14"><span class='ocrx_word' id='word_1_4' title='bbox 191 394 386 444; x_wconf 76' lang='lat' dir='ltr'><strong>fratres</strong></span> <span class='ocrx_word' id='word_1_5' title='bbox 438 394 674 445; x_wconf 89' lang='lat' dir='ltr'><strong>minores</strong></span> <span class='ocrx_word' id='word_1_6' title='bbox 717 392 832 444; x_wconf 89' lang='lat' dir='ltr'><strong>sedi</strong></span> <span class='ocrx_word' id='word_1_7' title='bbox 878 390 1170 458; x_wconf 90' lang='lat' dir='ltr'><strong>apostolice</strong></span> <span class='ocrx_word' id='word_1_8' title='bbox 1215 396 1269 439; x_wconf 90' lang='lat' dir='ltr'><strong>et</strong></span> <span class='ocrx_word' id='word_1_9' title='bbox 1315 389 1690 449; x_wconf 89' lang='lat' dir='ltr'><strong>reverentiam,</strong></span> <span class='ocrx_word' id='word_1_10' title='bbox 1737 390 1887 440; x_wconf 84' lang='lat' dir='ltr'><strong>iuxta</strong></span> <span class='ocrx_word' id='word_1_11' title='bbox 1939 389 2085 455; x_wconf 89' lang='lat' dir='ltr'><strong>quod</strong></span> <span class='ocrx_word' id='word_1_12' title='bbox 2104 388 2119 417; x_wconf 85' lang='grc'><strong>1</strong></span> 
     </span>
     <span class='ocr_line' id='line_1_3' title="bbox 193 473 2123 545; baseline -0.002 -16"><span class='ocrx_word' id='word_1_13' title='bbox 193 479 322 530; x_wconf 91' lang='lat' dir='ltr'><strong>dicit</strong></span> <span class='ocrx_word' id='word_1_14' title='bbox 366 478 674 541; x_wconf 84' lang='lat' dir='ltr'><strong>Ieronimus‚</strong></span> <span class='ocrx_word' id='word_1_15' title='bbox 699 477 929 545; x_wconf 86' lang='lat' dir='ltr'><strong>epistola</strong></span> <span class='ocrx_word' id='word_1_16' title='bbox 968 488 1033 541; x_wconf 86' lang='lat'><strong>37</strong></span> <span class='ocrx_word' id='word_1_17' title='bbox 1054 495 1065 538; x_wconf 91' lang='lat'>;</span> <span class='ocrx_word' id='word_1_18' title='bbox 1085 475 1103 504; x_wconf 73' lang='lat'>2</span> <span class='ocrx_word' id='word_1_19' title='bbox 1144 474 1404 525; x_wconf 89' lang='lat' dir='ltr'><strong>Monachi</strong></span> <span class='ocrx_word' id='word_1_20' title='bbox 1439 473 1575 524; x_wconf 91' lang='lat' dir='ltr'><strong>illius</strong></span> <span class='ocrx_word' id='word_1_21' title='bbox 1600 474 1713 524; x_wconf 88' lang='lat' dir='ltr'><strong>vita</strong></span> <span class='ocrx_word' id='word_1_22' title='bbox 1742 474 2014 524; x_wconf 90' lang='lat' dir='ltr'><strong>laudanda</strong></span> <span class='ocrx_word' id='word_1_23' title='bbox 2041 484 2123 526; x_wconf 89' lang='lat' dir='ltr'><strong>est</strong></span> 
     </span>
     <span class='ocr_line' id='line_1_4' title="bbox 189 559 2123 631; baseline -0.003 -16"><span class='ocrx_word' id='word_1_24' title='bbox 189 566 284 631; x_wconf 83' lang='lat' dir='ltr'><strong>qui</strong></span> <span class='ocrx_word' id='word_1_25' title='bbox 310 564 642 616; x_wconf 88' lang='lat' dir='ltr'><strong>venerationi</strong></span> <span class='ocrx_word' id='word_1_26' title='bbox 668 563 830 614; x_wconf 91' lang='lat' dir='ltr'><strong>habet</strong></span> <span class='ocrx_word' id='word_1_27' title='bbox 856 560 1163 613; x_wconf 84' lang='lat' dir='ltr'><strong>sacerdotes</strong></span> <span class='ocrx_word' id='word_1_28' title='bbox 1190 559 1394 612; x_wconf 82' lang='lat' dir='ltr'>Christi</span> <span class='ocrx_word' id='word_1_29' title='bbox 1420 567 1475 610; x_wconf 90' lang='lat' dir='ltr'><strong>et</strong></span> <span class='ocrx_word' id='word_1_30' title='bbox 1513 576 1622 609; x_wconf 92' lang='lat' dir='ltr'><strong>non</strong></span> <span class='ocrx_word' id='word_1_31' title='bbox 1663 559 1897 609; x_wconf 85' lang='lat' dir='ltr'><strong>detrahit</strong></span> <span class='ocrx_word' id='word_1_32' title='bbox 1935 560 2123 626; x_wconf 79' lang='lat' dir='ltr'><strong>gradui</strong></span> 
     </span>
     <span class='ocr_line' id='line_1_5' title="bbox 194 644 2125 717; baseline -0.003 -16"><span class='ocrx_word' id='word_1_33' title='bbox 194 667 289 717; x_wconf 90' lang='lat' dir='ltr'><strong>per</strong></span> <span class='ocrx_word' id='word_1_34' title='bbox 314 667 475 716; x_wconf 90' lang='lat' dir='ltr'><strong>quem</strong></span> <span class='ocrx_word' id='word_1_35' title='bbox 505 650 673 700; x_wconf 88' lang='lat' dir='ltr'><strong>factus</strong></span> <span class='ocrx_word' id='word_1_36' title='bbox 712 657 793 699; x_wconf 87' lang='lat' dir='ltr'><strong>est</strong></span> <span class='ocrx_word' id='word_1_37' title='bbox 833 647 1188 707; x_wconf 81' lang='lat' dir='ltr'>Christianus,</span> <span class='ocrx_word' id='word_1_38' title='bbox 1216 645 1361 712; x_wconf 88' lang='lat' dir='ltr'><strong>quod</strong></span> <span class='ocrx_word' id='word_1_39' title='bbox 1401 644 1660 711; x_wconf 86' lang='lat' dir='ltr'><strong>precipue</strong></span> <span class='ocrx_word' id='word_1_40' title='bbox 1700 644 2019 710; x_wconf 83' lang='lat' dir='ltr'><strong>intelligitur</strong></span> <span class='ocrx_word' id='word_1_41' title='bbox 2056 645 2125 696; x_wconf 90' lang='lat' dir='ltr'><strong>de</strong></span> 
     </span>
     <span class='ocr_line' id='line_1_6' title="bbox 195 729 2124 798; baseline -0.003 -12"><span class='ocrx_word' id='word_1_42' title='bbox 195 752 404 787; x_wconf 90' lang='lat' dir='ltr'><strong>summo</strong></span> <span class='ocrx_word' id='word_1_43' title='bbox 443 735 733 786; x_wconf 82' lang='lat' dir='ltr'><strong>sacerdote.</strong></span> <span class='ocrx_word' id='word_1_44' title='bbox 814 733 933 784; x_wconf 91' lang='lat' dir='ltr'><strong>Hec</strong></span> <span class='ocrx_word' id='word_1_45' title='bbox 971 732 1134 798; x_wconf 84' lang='lat' dir='ltr'><strong>igitur</strong></span> <span class='ocrx_word' id='word_1_46' title='bbox 1174 738 1421 797; x_wconf 87' lang='lat' dir='ltr'><strong>quatuor,</strong></span> <span class='ocrx_word' id='word_1_47' title='bbox 1467 729 1780 781; x_wconf 86' lang='lat' dir='ltr'><strong>obedientia</strong></span> <span class='ocrx_word' id='word_1_48' title='bbox 1833 729 1886 779; x_wconf 91' lang='lat' dir='ltr'><strong>in</strong></span> <span class='ocrx_word' id='word_1_49' title='bbox 1932 729 2124 781; x_wconf 90' lang='lat' dir='ltr'><strong>ordine</strong></span> 
     </span>
     <span class='ocr_line' id='line_1_7' title="bbox 191 815 2127 889; baseline -0.004 -16"><span class='ocrx_word' id='word_1_50' title='bbox 191 830 487 889; x_wconf 84' lang='lat' dir='ltr'><strong>paupertas</strong></span> <span class='ocrx_word' id='word_1_51' title='bbox 512 829 566 872; x_wconf 94' lang='lat' dir='ltr'><strong>et</strong></span> <span class='ocrx_word' id='word_1_52' title='bbox 592 821 809 871; x_wconf 87' lang='lat' dir='ltr'><strong>castitas</strong></span> <span class='ocrx_word' id='word_1_53' title='bbox 835 828 889 869; x_wconf 89' lang='lat' dir='ltr'><strong>et</strong></span> <span class='ocrx_word' id='word_1_54' title='bbox 909 817 1171 868; x_wconf 89' lang='lat' dir='ltr'><strong>subiectio</strong></span> <span class='ocrx_word' id='word_1_55' title='bbox 1191 817 1414 868; x_wconf 91' lang='lat' dir='ltr'><strong>ecclesie</strong></span> <span class='ocrx_word' id='word_1_56' title='bbox 1433 815 1701 877; x_wconf 89' lang='lat' dir='ltr'><strong>Romane,</strong></span> <span class='ocrx_word' id='word_1_57' title='bbox 1725 815 1850 881; x_wconf 89' lang='lat' dir='ltr'><strong>quia</strong></span> <span class='ocrx_word' id='word_1_58' title='bbox 1870 823 2127 866; x_wconf 89' lang='lat' dir='ltr'><strong>emanant</strong></span> 
     </span>
     <span class='ocr_line' id='line_1_8' title="bbox 190 901 1782 973; baseline -0.004 -14"><span class='ocrx_word' id='word_1_59' title='bbox 190 926 225 958; x_wconf 82' lang='lat' dir='ltr'><strong>a</strong></span> <span class='ocrx_word' id='word_1_60' title='bbox 252 908 402 958; x_wconf 89' lang='lat' dir='ltr'><strong>fonte</strong></span> <span class='ocrx_word' id='word_1_61' title='bbox 428 905 707 973; x_wconf 82' lang='lat' dir='ltr'><strong>evangelii,</strong></span> <span class='ocrx_word' id='word_1_62' title='bbox 738 911 1010 971; x_wconf 90' lang='lat' dir='ltr'><strong>ponuntur</strong></span> <span class='ocrx_word' id='word_1_63' title='bbox 1035 902 1134 954; x_wconf 89' lang='lat' dir='ltr'><strong>sub</strong></span> <span class='ocrx_word' id='word_1_64' title='bbox 1160 903 1498 954; x_wconf 86' lang='lat' dir='ltr'><strong>districtione</strong></span> <span class='ocrx_word' id='word_1_65' title='bbox 1525 901 1782 968; x_wconf 89' lang='lat' dir='ltr'><strong>precepti.</strong></span> 
     </span>
    </p>

    <p class='ocr_par' dir='ltr' id='par_1_3' title="bbox 194 986 2137 2090">
     <span class='ocr_line' id='line_1_9' title="bbox 306 986 2133 1059; baseline -0.005 -14"><span class='ocrx_word' id='word_1_66' title='bbox 306 993 467 1059; x_wconf 84' lang='lat' dir='ltr'><strong>(Cap.</strong></span> <span class='ocrx_word' id='word_1_67' title='bbox 511 992 590 1057; x_wconf 89' lang='lat' dir='ltr'><strong>ii.)</strong></span> <span class='ocrx_word' id='word_1_68' title='bbox 642 990 931 1057; x_wconf 84' lang='lat' dir='ltr'><strong>Sequitur3</strong></span> <span class='ocrx_word' id='word_1_69' title='bbox 968 988 1066 1056; x_wconf 74' lang='lat' dir='ltr'><strong>qui</strong></span> <span class='ocrx_word' id='word_1_70' title='bbox 1111 990 1333 1039; x_wconf 73' lang='lat' dir='ltr'><em>volunt4</em></span> <span class='ocrx_word' id='word_1_71' title='bbox 1377 987 1518 1038; x_wconf 69' lang='lat' dir='ltr'><strong>hanc</strong></span> <span class='ocrx_word' id='word_1_72' title='bbox 1563 988 1737 1038; x_wconf 75' lang='lat' dir='ltr'><strong>vitam</strong></span> <span class='ocrx_word' id='word_1_73' title='bbox 1790 986 2045 1051; x_wconf 55' lang='lat' dir='ltr'><strong>rfecz&#39;pere5</strong></span> <span class='ocrx_word' id='word_1_74' title='bbox 2084 994 2133 1036; x_wconf 75' lang='lat' dir='ltr'><strong>et</strong></span> 
     </span>
     <span class='ocr_line' id='line_1_10' title="bbox 199 1073 2133 1143; baseline -0.002 -13"><span class='ocrx_word' id='word_1_75' title='bbox 199 1080 439 1130; x_wconf 75' lang='lat' dir='ltr'><strong>venerint</strong></span> <span class='ocrx_word' id='word_1_76' title='bbox 486 1079 566 1129; x_wconf 82' lang='lat' dir='ltr'><strong>ad</strong></span> <span class='ocrx_word' id='word_1_77' title='bbox 593 1079 811 1143; x_wconf 78' lang='lat' dir='ltr'><strong>fratres</strong></span> <span class='ocrx_word' id='word_1_78' title='bbox 860 1085 1076 1138; x_wconf 72' lang='lat' dir='ltr'><strong>nostrOS,</strong></span> <span class='ocrx_word' id='word_1_79' title='bbox 1122 1075 1348 1126; x_wconf 78' lang='lat' dir='ltr'><strong>mittant</strong></span> <span class='ocrx_word' id='word_1_80' title='bbox 1393 1092 1477 1124; x_wconf 83' lang='lat' dir='ltr'><strong>eos</strong></span> <span class='ocrx_word' id='word_1_81' title='bbox 1524 1076 1605 1125; x_wconf 83' lang='lat' dir='ltr'><strong>ad</strong></span> <span class='ocrx_word' id='word_1_82' title='bbox 1647 1091 1768 1123; x_wconf 72' lang='lat' dir='ltr'><strong>suos</strong></span> <span class='ocrx_word' id='word_1_83' title='bbox 1819 1073 2133 1127; x_wconf 53' lang='lat' dir='ltr'><strong>mz&#39;mssctrosfi</strong></span> 
     </span>
     <span class='ocr_line' id='line_1_11' title="bbox 201 1158 2132 1227; baseline -0.003 -12"><span class='ocrx_word' id='word_1_84' title='bbox 201 1165 418 1215; x_wconf 89' lang='lat' dir='ltr'><strong>Nomen</strong></span> <span class='ocrx_word' id='word_1_85' title='bbox 474 1163 701 1215; x_wconf 90' lang='lat' dir='ltr'><strong>ministri</strong></span> <span class='ocrx_word' id='word_1_86' title='bbox 753 1179 826 1213; x_wconf 85' lang='lat' dir='ltr'><strong>ex</strong></span> <span class='ocrx_word' id='word_1_87' title='bbox 876 1162 1201 1212; x_wconf 89' lang='lat' dir='ltr'><strong>auctoritate</strong></span> <span class='ocrx_word' id='word_1_88' title='bbox 1253 1160 1534 1211; x_wconf 91' lang='lat' dir='ltr'><strong>descendit</strong></span> <span class='ocrx_word' id='word_1_89' title='bbox 1583 1158 1867 1227; x_wconf 85' lang='lat' dir='ltr'><strong>evangelii,</strong></span> <span class='ocrx_word' id='word_1_90' title='bbox 1919 1159 2132 1210; x_wconf 87' lang='lat' dir='ltr'><strong>dicente</strong></span> 
     </span>
     <span class='ocr_line' id='line_1_12' title="bbox 204 1245 2132 1313; baseline -0.003 -12"><span class='ocrx_word' id='word_1_91' title='bbox 204 1251 444 1301; x_wconf 92' lang='lat' dir='ltr'><strong>Domino</strong></span> <span class='ocrx_word' id='word_1_92' title='bbox 486 1251 622 1300; x_wconf 89' lang='lat' dir='ltr'><strong>Mat.</strong></span> <span class='ocrx_word' id='word_1_93' title='bbox 655 1262 720 1299; x_wconf 85' lang='lat'><strong>22</strong></span> <span class='ocrx_word' id='word_1_94' title='bbox 755 1248 860 1311; x_wconf 83' lang='lat' dir='ltr'><strong>(sz‘c)</strong></span> <span class='ocrx_word' id='word_1_95' title='bbox 887 1247 936 1297; x_wconf 79' lang='lat'><strong>:7</strong></span> <span class='ocrx_word' id='word_1_96' title='bbox 974 1245 1127 1313; x_wconf 76' lang='lat' dir='ltr'><strong>“Qui</strong></span> <span class='ocrx_word' id='word_1_97' title='bbox 1156 1247 1329 1297; x_wconf 87' lang='lat' dir='ltr'><strong>maior</strong></span> <span class='ocrx_word' id='word_1_98' title='bbox 1363 1253 1446 1297; x_wconf 94' lang='lat' dir='ltr'><strong>est</strong></span> <span class='ocrx_word' id='word_1_99' title='bbox 1478 1253 1717 1296; x_wconf 91' lang='lat' dir='ltr'><strong>vestrum</strong></span> <span class='ocrx_word' id='word_1_100' title='bbox 1759 1245 1862 1295; x_wconf 92' lang='lat' dir='ltr'><strong>erit</strong></span> <span class='ocrx_word' id='word_1_101' title='bbox 1890 1245 2132 1295; x_wconf 88' lang='lat' dir='ltr'><strong>minister</strong></span> 
     </span>
     <span class='ocr_line' id='line_1_13' title="bbox 199 1331 2132 1400; baseline -0.003 -14"><span class='ocrx_word' id='word_1_102' title='bbox 199 1335 447 1387; x_wconf 88' lang='lat' dir='ltr'><strong>vester’&#39;:</strong></span> <span class='ocrx_word' id='word_1_103' title='bbox 488 1343 543 1385; x_wconf 94' lang='lat' dir='ltr'><strong>et</strong></span> <span class='ocrx_word' id='word_1_104' title='bbox 582 1335 715 1385; x_wconf 89' lang='lat' dir='ltr'><strong>Luc.</strong></span> <span class='ocrx_word' id='word_1_105' title='bbox 743 1346 814 1386; x_wconf 88' lang='lat'><strong>20</strong></span> <span class='ocrx_word' id='word_1_106' title='bbox 844 1334 950 1397; x_wconf 74' lang='lat' dir='ltr'><strong>(sic)</strong></span> <span class='ocrx_word' id='word_1_107' title='bbox 978 1333 1027 1383; x_wconf 88' lang='lat' dir='ltr'><strong>:S</strong></span> <span class='ocrx_word' id='word_1_108' title='bbox 1068 1338 1094 1359; x_wconf 85' lang='lat'><strong>“</strong></span> <span class='ocrx_word' id='word_1_109' title='bbox 1113 1333 1234 1400; x_wconf 84' lang='lat' dir='ltr'><strong>Ego</strong></span> <span class='ocrx_word' id='word_1_110' title='bbox 1260 1333 1314 1382; x_wconf 92' lang='lat' dir='ltr'><strong>in</strong></span> <span class='ocrx_word' id='word_1_111' title='bbox 1342 1332 1526 1382; x_wconf 88' lang='lat' dir='ltr'><strong>medio</strong></span> <span class='ocrx_word' id='word_1_112' title='bbox 1551 1339 1790 1383; x_wconf 85' lang='lat' dir='ltr'><strong>vestrum</strong></span> <span class='ocrx_word' id='word_1_113' title='bbox 1833 1347 1953 1381; x_wconf 86' lang='lat' dir='ltr'><strong>sum</strong></span> <span class='ocrx_word' id='word_1_114' title='bbox 1995 1331 2132 1381; x_wconf 90' lang='lat' dir='ltr'><strong>sicut</strong></span> 
     </span>
     <span class='ocr_line' id='line_1_14' title="bbox 202 1417 2132 1488; baseline -0.003 -16"><span class='ocrx_word' id='word_1_115' title='bbox 202 1423 295 1488; x_wconf 89' lang='lat' dir='ltr'><strong>qui</strong></span> <span class='ocrx_word' id='word_1_116' title='bbox 334 1421 604 1473; x_wconf 89' lang='lat' dir='ltr'><strong>ministrat</strong></span> <span class='ocrx_word' id='word_1_117' title='bbox 620 1420 683 1472; x_wconf 83' lang='lat'><strong>&#39;&#39;.9</strong></span> <span class='ocrx_word' id='word_1_118' title='bbox 759 1421 832 1471; x_wconf 91' lang='lat' dir='ltr'><strong>Et</strong></span> <span class='ocrx_word' id='word_1_119' title='bbox 869 1419 1149 1471; x_wconf 90' lang='lat' dir='ltr'><strong>sciendum</strong></span> <span class='ocrx_word' id='word_1_120' title='bbox 1189 1419 1332 1485; x_wconf 89' lang='lat' dir='ltr'><strong>quod</strong></span> <span class='ocrx_word' id='word_1_121' title='bbox 1368 1419 1491 1469; x_wconf 92' lang='lat' dir='ltr'><strong>licet</strong></span> <span class='ocrx_word' id='word_1_122' title='bbox 1530 1418 1584 1468; x_wconf 93' lang='lat' dir='ltr'><strong>in</strong></span> <span class='ocrx_word' id='word_1_123' title='bbox 1624 1418 1830 1468; x_wconf 85' lang='lat' dir='ltr'><strong>ordinis</strong></span> <span class='ocrx_word' id='word_1_124' title='bbox 1870 1417 2132 1484; x_wconf 91' lang='lat' dir='ltr'><strong>principio</strong></span> 
     </span>
     <span class='ocr_line' id='line_1_15' title="bbox 200 1504 2131 1575; baseline -0.003 -17"><span class='ocrx_word' id='word_1_125' title='bbox 200 1507 488 1575; x_wconf 80' lang='lat' dir='ltr'><strong>expediret</strong></span> <span class='ocrx_word' id='word_1_126' title='bbox 515 1515 736 1574; x_wconf 89' lang='lat' dir='ltr'><strong>propter</strong></span> <span class='ocrx_word' id='word_1_127' title='bbox 763 1505 1158 1574; x_wconf 83' lang='lat' dir='ltr'><strong>experientiam</strong></span> <span class='ocrx_word' id='word_1_128' title='bbox 1180 1505 1220 1535; x_wconf 76' lang='grc'><strong>10</strong></span> <span class='ocrx_word' id='word_1_129' title='bbox 1251 1506 1507 1556; x_wconf 86' lang='lat' dir='ltr'><strong>novitatis</strong></span> <span class='ocrx_word' id='word_1_130' title='bbox 1531 1514 1586 1556; x_wconf 91' lang='lat' dir='ltr'><strong>et</strong></span> <span class='ocrx_word' id='word_1_131' title='bbox 1614 1504 1813 1554; x_wconf 86' lang='lat' dir='ltr'><strong>abusus</strong></span> <span class='ocrx_word' id='word_1_132' title='bbox 1840 1504 2131 1571; x_wconf 88' lang='lat' dir='ltr'><strong>periculum</strong></span> 
     </span>
     <span class='ocr_line' id='line_1_16' title="bbox 204 1590 2132 1660; baseline -0.003 -16"><span class='ocrx_word' id='word_1_133' title='bbox 204 1593 410 1644; x_wconf 90' lang='lat' dir='ltr'><strong>nullum</strong></span> <span class='ocrx_word' id='word_1_134' title='bbox 452 1593 617 1659; x_wconf 87' lang='lat' dir='ltr'><strong>recipi</strong></span> <span class='ocrx_word' id='word_1_135' title='bbox 643 1594 741 1643; x_wconf 89' lang='lat' dir='ltr'><strong>nisi</strong></span> <span class='ocrx_word' id='word_1_136' title='bbox 768 1593 820 1643; x_wconf 92' lang='lat' dir='ltr'><strong>in</strong></span> <span class='ocrx_word' id='word_1_137' title='bbox 849 1594 1119 1660; x_wconf 84' lang='lat' dir='ltr'><strong>presentia</strong></span> <span class='ocrx_word' id='word_1_138' title='bbox 1147 1592 1530 1654; x_wconf 87' lang='lat' dir='ltr'><strong>ministrorum,</strong></span> <span class='ocrx_word' id='word_1_139' title='bbox 1556 1590 1784 1657; x_wconf 84' lang='lat' dir='ltr'><strong>expedit</strong></span> <span class='ocrx_word' id='word_1_140' title='bbox 1810 1598 1998 1641; x_wconf 89' lang='lat' dir='ltr'><strong>tamen</strong></span> <span class='ocrx_word' id='word_1_141' title='bbox 2025 1590 2132 1640; x_wconf 88' lang='lat' dir='ltr'><strong>iarn</strong></span> 
     </span>
     <span class='ocr_line' id='line_1_17' title="bbox 194 1676 2137 1749; baseline -0.003 -18"><span class='ocrx_word' id='word_1_142' title='bbox 194 1679 385 1731; x_wconf 90' lang='lat' dir='ltr'><strong>ordine</strong></span> <span class='ocrx_word' id='word_1_143' title='bbox 412 1679 650 1730; x_wconf 91' lang='lat' dir='ltr'><strong>stabilito</strong></span> <span class='ocrx_word' id='word_1_144' title='bbox 677 1688 732 1730; x_wconf 93' lang='lat' dir='ltr'><strong>et</strong></span> <span class='ocrx_word' id='word_1_145' title='bbox 752 1679 950 1746; x_wconf 88' lang='lat' dir='ltr'><strong>ubique</strong></span> <span class='ocrx_word' id='word_1_146' title='bbox 971 1678 1224 1746; x_wconf 87' lang='lat' dir='ltr'><strong>prudenti</strong></span> <span class='ocrx_word' id='word_1_147' title='bbox 1244 1677 1472 1729; x_wconf 90' lang='lat' dir='ltr'><strong>consilio</strong></span> <span class='ocrx_word' id='word_1_148' title='bbox 1493 1677 1598 1728; x_wconf 90' lang='lat' dir='ltr'><strong>Dei</strong></span> <span class='ocrx_word' id='word_1_149' title='bbox 1619 1676 1792 1744; x_wconf 83' lang='lat' dir='ltr'><strong>gratia</strong></span> <span class='ocrx_word' id='word_1_150' title='bbox 1812 1676 2137 1749; x_wconf 52' lang='lat' dir='ltr'><strong>gubernatq</strong></span> 
     </span>
     <span class='ocr_line' id='line_1_18' title="bbox 203 1762 2134 1832; baseline -0.003 -15"><span class='ocrx_word' id='word_1_151' title='bbox 203 1774 263 1817; x_wconf 90' lang='lat' dir='ltr'><strong>ut</strong></span> <span class='ocrx_word' id='word_1_152' title='bbox 282 1783 381 1832; x_wconf 90' lang='lat' dir='ltr'><strong>pro</strong></span> <span class='ocrx_word' id='word_1_153' title='bbox 402 1765 723 1832; x_wconf 90' lang='lat' dir='ltr'><strong>recipiendis</strong></span> <span class='ocrx_word' id='word_1_154' title='bbox 749 1765 816 1816; x_wconf 91' lang='lat' dir='ltr'><strong>ad</strong></span> <span class='ocrx_word' id='word_1_155' title='bbox 846 1767 1091 1817; x_wconf 92' lang='lat' dir='ltr'><strong>ordinem</strong></span> <span class='ocrx_word' id='word_1_156' title='bbox 1118 1764 1466 1816; x_wconf 87' lang='lat' dir='ltr'><strong>venientibus</strong></span> <span class='ocrx_word' id='word_1_157' title='bbox 1494 1763 1725 1814; x_wconf 86' lang='lat' dir='ltr'><strong>sufficiat</strong></span> <span class='ocrx_word' id='word_1_158' title='bbox 1750 1762 1983 1813; x_wconf 89' lang='lat' dir='ltr'><strong>ministri</strong></span> <span class='ocrx_word' id='word_1_159' title='bbox 2013 1779 2134 1813; x_wconf 91' lang='lat' dir='ltr'><strong>auc-</strong></span> 
     </span>
     <span class='ocr_line' id='line_1_19' title="bbox 204 1849 2133 1918; baseline -0.002 -16"><span class='ocrx_word' id='word_1_160' title='bbox 204 1853 390 1903; x_wconf 88' lang='lat' dir='ltr'><strong>toritas</strong></span> <span class='ocrx_word' id='word_1_161' title='bbox 419 1854 571 1903; x_wconf 83' lang='lat' dir='ltr'><strong>iuxta</strong></span> <span class='ocrx_word' id='word_1_162' title='bbox 597 1851 995 1917; x_wconf 81' lang='lat' dir='ltr'><strong>indulgentiam</strong></span> <span class='ocrx_word' id='word_1_163' title='bbox 1015 1851 1056 1880; x_wconf 85' lang='grc'><strong>11</strong></span> <span class='ocrx_word' id='word_1_164' title='bbox 1078 1852 1223 1903; x_wconf 90' lang='lat' dir='ltr'><strong>sedis</strong></span> <span class='ocrx_word' id='word_1_165' title='bbox 1242 1850 1540 1918; x_wconf 87' lang='lat' dir='ltr'><strong>apostolice</strong></span> <span class='ocrx_word' id='word_1_166' title='bbox 1560 1867 1670 1901; x_wconf 89' lang='lat' dir='ltr'><strong>non</strong></span> <span class='ocrx_word' id='word_1_167' title='bbox 1691 1849 1931 1916; x_wconf 81' lang='lat' dir='ltr'><strong>regulam</strong></span> <span class='ocrx_word' id='word_1_168' title='bbox 1958 1849 2133 1899; x_wconf 77' lang='lat' dir='ltr'><strong>relax—</strong></span> 
     </span>
     <span class='ocr_line' id='line_1_20' title="bbox 202 1935 2134 2005; baseline -0.001 -16"><span class='ocrx_word' id='word_1_169' title='bbox 202 1938 345 1989; x_wconf 88' lang='lat' dir='ltr'><strong>antis</strong></span> <span class='ocrx_word' id='word_1_170' title='bbox 373 1939 467 1989; x_wconf 91' lang='lat' dir='ltr'><strong>sed</strong></span> <span class='ocrx_word' id='word_1_171' title='bbox 486 1937 839 1990; x_wconf 89' lang='lat' dir='ltr'><strong>dinumeratis</strong></span> <span class='ocrx_word' id='word_1_172' title='bbox 861 1945 916 1989; x_wconf 90' lang='lat' dir='ltr'><strong>et</strong></span> <span class='ocrx_word' id='word_1_173' title='bbox 934 1938 1303 2005; x_wconf 89' lang='lat' dir='ltr'><strong>multiplicatis</strong></span> <span class='ocrx_word' id='word_1_174' title='bbox 1320 1938 1373 1989; x_wconf 88' lang='lat' dir='ltr'><strong>in</strong></span> <span class='ocrx_word' id='word_1_175' title='bbox 1392 1943 1613 1989; x_wconf 87' lang='lat' dir='ltr'><strong>senecta</strong></span> <span class='ocrx_word' id='word_1_176' title='bbox 1629 1935 1779 1987; x_wconf 91' lang='lat' dir='ltr'><strong>uberi</strong></span> <span class='ocrx_word' id='word_1_177' title='bbox 1800 1935 1841 1964; x_wconf 72' lang='lat'><strong>12</strong></span> <span class='ocrx_word' id='word_1_178' title='bbox 1859 1937 2002 1986; x_wconf 85' lang='lat' dir='ltr'><strong>viam</strong></span> <span class='ocrx_word' id='word_1_179' title='bbox 2024 1936 2134 1987; x_wconf 86' lang='lat' dir='ltr'><strong>vite</strong></span> 
     </span>
     <span class='ocr_line' id='line_1_21' title="bbox 204 2023 722 2090; baseline 0.004 -16"><span class='ocrx_word' id='word_1_180' title='bbox 204 2024 359 2075; x_wconf 85' lang='lat' dir='ltr'><strong>latius</strong></span> <span class='ocrx_word' id='word_1_181' title='bbox 387 2023 722 2090; x_wconf 76' lang='lat' dir='ltr'><strong>ampliando,</strong></span> 
     </span>
    </p>

    <p class='ocr_par' dir='ltr' id='par_1_4' title="bbox 202 2108 2136 2779">
     <span class='ocr_line' id='line_1_22' title="bbox 320 2108 2132 2176; baseline 0.001 -16"><span class='ocrx_word' id='word_1_182' title='bbox 320 2109 434 2173; x_wconf 72' lang='lat' dir='ltr'><strong>Qui</strong></span> <span class='ocrx_word' id='word_1_183' title='bbox 465 2111 651 2161; x_wconf 76' lang='lat' dir='ltr'><strong>dicant</strong></span> <span class='ocrx_word' id='word_1_184' title='bbox 684 2111 794 2161; x_wconf 70' lang='lat' dir='ltr'><strong>illis</strong></span> <span class='ocrx_word' id='word_1_185' title='bbox 831 2111 1049 2162; x_wconf 72' lang='lat' dir='ltr'><strong>verbum</strong></span> <span class='ocrx_word' id='word_1_186' title='bbox 1087 2110 1264 2161; x_wconf 75' lang='lat' dir='ltr'><strong>sancti</strong></span> <span class='ocrx_word' id='word_1_187' title='bbox 1298 2110 1574 2176; x_wconf 77' lang='lat' dir='ltr'><strong>evangelii,</strong></span> <span class='ocrx_word' id='word_1_188' title='bbox 1615 2109 1750 2162; x_wconf 88' lang='lat' dir='ltr'><strong>Mat.</strong></span> <span class='ocrx_word' id='word_1_189' title='bbox 1801 2123 1863 2172; x_wconf 81' lang='lat'><strong>19</strong></span> <span class='ocrx_word' id='word_1_190' title='bbox 1901 2109 1972 2176; x_wconf 89' lang='lat' dir='ltr'><strong>[v.</strong></span> <span class='ocrx_word' id='word_1_191' title='bbox 2011 2108 2132 2175; x_wconf 87' lang='lat'><strong>21]:</strong></span> 
     </span>
     <span class='ocr_line' id='line_1_23' title="bbox 205 2194 2135 2262; baseline -0.002 -15"><span class='ocrx_word' id='word_1_192' title='bbox 205 2195 265 2247; x_wconf 81' lang='lat' dir='ltr'><strong>Si</strong></span> <span class='ocrx_word' id='word_1_193' title='bbox 304 2195 383 2246; x_wconf 89' lang='lat' dir='ltr'><strong>vis</strong></span> <span class='ocrx_word' id='word_1_194' title='bbox 424 2196 694 2262; x_wconf 89' lang='lat' dir='ltr'><strong>perfectus</strong></span> <span class='ocrx_word' id='word_1_195' title='bbox 734 2212 865 2258; x_wconf 87' lang='lat' dir='ltr'><strong>esse,</strong></span> <span class='ocrx_word' id='word_1_196' title='bbox 906 2204 1007 2248; x_wconf 85' lang='lat' dir='ltr'><strong>etc,</strong></span> <span class='ocrx_word' id='word_1_197' title='bbox 1092 2195 1248 2259; x_wconf 73' lang='lat' dir='ltr'><strong>Quod</strong></span> <span class='ocrx_word' id='word_1_198' title='bbox 1282 2198 1334 2246; x_wconf 80' lang='lat' dir='ltr'><strong>si</strong></span> <span class='ocrx_word' id='word_1_199' title='bbox 1358 2197 1546 2261; x_wconf 69' lang='lat' dir='ltr'><strong>facere</strong></span> <span class='ocrx_word' id='word_1_200' title='bbox 1590 2212 1690 2245; x_wconf 79' lang='lat' dir='ltr'><strong>non</strong></span> <span class='ocrx_word' id='word_1_201' title='bbox 1722 2196 2006 2260; x_wconf 72' lang='lat' dir='ltr'><strong>potuerint,</strong></span> <span class='ocrx_word' id='word_1_202' title='bbox 2052 2194 2135 2245; x_wconf 88' lang='lat' dir='ltr'><strong>vel</strong></span> 
     </span>
     <span class='ocr_line' id='line_1_24' title="bbox 204 2281 2134 2349; baseline -0.001 -17"><span class='ocrx_word' id='word_1_203' title='bbox 204 2289 424 2349; x_wconf 90' lang='lat' dir='ltr'><strong>propter</strong></span> <span class='ocrx_word' id='word_1_204' title='bbox 449 2282 552 2333; x_wconf 89' lang='lat' dir='ltr'><strong>loci</strong></span> <span class='ocrx_word' id='word_1_205' title='bbox 578 2283 900 2335; x_wconf 88' lang='lat' dir='ltr'><strong>distantiam</strong></span> <span class='ocrx_word' id='word_1_206' title='bbox 930 2283 1014 2334; x_wconf 86' lang='lat' dir='ltr'><strong>vel</strong></span> <span class='ocrx_word' id='word_1_207' title='bbox 1041 2283 1480 2349; x_wconf 89' lang='lat' dir='ltr'><strong>inpedimentum</strong></span> <span class='ocrx_word' id='word_1_208' title='bbox 1509 2298 1684 2333; x_wconf 91' lang='lat' dir='ltr'><strong>rerum</strong></span> <span class='ocrx_word' id='word_1_209' title='bbox 1712 2282 1884 2348; x_wconf 80' lang='lat' dir='ltr'><strong>litigio</strong></span> <span class='ocrx_word' id='word_1_210' title='bbox 1912 2281 2134 2332; x_wconf 87' lang='lat' dir='ltr'><strong>forsitan</strong></span> 
     </span>
     <span class='ocr_line' id='line_1_25' title="bbox 207 2368 2135 2435; baseline -0.001 -17"><span class='ocrx_word' id='word_1_211' title='bbox 207 2368 602 2430; x_wconf 87' lang='lat' dir='ltr'><strong>immixtarum,</strong></span> <span class='ocrx_word' id='word_1_212' title='bbox 639 2369 832 2435; x_wconf 74' lang='lat' dir='ltr'><strong>szffcz&#39;t</strong></span> <span class='ocrx_word' id='word_1_213' title='bbox 867 2370 940 2419; x_wconf 79' lang='lat' dir='ltr'><strong>eis</strong></span> <span class='ocrx_word' id='word_1_214' title='bbox 976 2369 1109 2420; x_wconf 77' lang='lat' dir='ltr'><strong>bona</strong></span> <span class='ocrx_word' id='word_1_215' title='bbox 1148 2370 1413 2430; x_wconf 77' lang='lat' dir='ltr'><strong>voluntaS,</strong></span> <span class='ocrx_word' id='word_1_216' title='bbox 1451 2369 1605 2419; x_wconf 85' lang='lat' dir='ltr'><strong>iuxta</strong></span> <span class='ocrx_word' id='word_1_217' title='bbox 1643 2368 1787 2434; x_wconf 86' lang='lat' dir='ltr'><strong>quod</strong></span> <span class='ocrx_word' id='word_1_218' title='bbox 1831 2368 2135 2418; x_wconf 91' lang='lat' dir='ltr'><strong>Ieronimus</strong></span> 
     </span>
     <span class='ocr_line' id='line_1_26' title="bbox 206 2454 2136 2518; baseline -0.001 -14"><span class='ocrx_word' id='word_1_219' title='bbox 206 2454 283 2504; x_wconf 90' lang='lat' dir='ltr'><strong>ait</strong></span> <span class='ocrx_word' id='word_1_220' title='bbox 320 2455 389 2504; x_wconf 92' lang='lat' dir='ltr'><strong>ad</strong></span> <span class='ocrx_word' id='word_1_221' title='bbox 431 2454 750 2506; x_wconf 89' lang='lat' dir='ltr'><strong>Paulinum:</strong></span> <span class='ocrx_word' id='word_1_222' title='bbox 793 2455 895 2507; x_wconf 87' lang='lat' dir='ltr'><strong>“Si</strong></span> <span class='ocrx_word' id='word_1_223' title='bbox 934 2455 1104 2506; x_wconf 91' lang='lat' dir='ltr'><strong>habes</strong></span> <span class='ocrx_word' id='word_1_224' title='bbox 1143 2472 1227 2506; x_wconf 91' lang='lat' dir='ltr'><strong>res</strong></span> <span class='ocrx_word' id='word_1_225' title='bbox 1265 2463 1388 2506; x_wconf 88' lang='lat' dir='ltr'><strong>tuas</strong></span> <span class='ocrx_word' id='word_1_226' title='bbox 1425 2454 1689 2518; x_wconf 79' lang='lat' dir='ltr'><strong>vende313</strong></span> <span class='ocrx_word' id='word_1_227' title='bbox 1728 2454 1770 2505; x_wconf 88' lang='lat' dir='ltr'><strong>si</strong></span> <span class='ocrx_word' id='word_1_228' title='bbox 1816 2471 1922 2505; x_wconf 91' lang='lat' dir='ltr'><strong>non</strong></span> <span class='ocrx_word' id='word_1_229' title='bbox 1967 2454 2136 2505; x_wconf 89' lang='lat' dir='ltr'><strong>habes</strong></span> 
     </span>
     <span class='ocr_line' id='line_1_27' title="bbox 208 2540 2135 2607; baseline 0 -18"><span class='ocrx_word' id='word_1_230' title='bbox 208 2540 388 2605; x_wconf 91' lang='lat' dir='ltr'><strong>proice</strong></span> <span class='ocrx_word' id='word_1_231' title='bbox 411 2559 422 2604; x_wconf 79' lang='lat'><em>3</em></span> <span class='ocrx_word' id='word_1_232' title='bbox 460 2556 625 2590; x_wconf 91' lang='lat' dir='ltr'><strong>nemo</strong></span> <span class='ocrx_word' id='word_1_233' title='bbox 663 2542 1072 2591; x_wconf 91' lang='lat' dir='ltr'><strong>renunciaturus</strong></span> <span class='ocrx_word' id='word_1_234' title='bbox 1112 2541 1291 2591; x_wconf 90' lang='lat' dir='ltr'><strong>seculo</strong></span> <span class='ocrx_word' id='word_1_235' title='bbox 1317 2540 1454 2591; x_wconf 91' lang='lat' dir='ltr'><strong>bene</strong></span> <span class='ocrx_word' id='word_1_236' title='bbox 1476 2541 1514 2570; x_wconf 77' lang='lat'><strong>14</strong></span> <span class='ocrx_word' id='word_1_237' title='bbox 1539 2547 1719 2607; x_wconf 89' lang='lat' dir='ltr'><strong>potest</strong></span> <span class='ocrx_word' id='word_1_238' title='bbox 1753 2540 2003 2602; x_wconf 83' lang='lat' dir='ltr'><strong>vendere,</strong></span> <span class='ocrx_word' id='word_1_239' title='bbox 2030 2556 2135 2606; x_wconf 87' lang='lat' dir='ltr'><strong>que</strong></span> 
     </span>
     <span class='ocr_line' id='line_1_28' title="bbox 202 2625 2134 2692; baseline 0.001 -17"><span class='ocrx_word' id='word_1_240' title='bbox 202 2626 529 2691; x_wconf 89' lang='lat' dir='ltr'><strong>contempsit</strong></span> <span class='ocrx_word' id='word_1_241' title='bbox 555 2633 613 2676; x_wconf 95' lang='lat' dir='ltr'><strong>ut</strong></span> <span class='ocrx_word' id='word_1_242' title='bbox 638 2625 896 2677; x_wconf 88' lang='lat' dir='ltr'><strong>venderet</strong></span> <span class='ocrx_word' id='word_1_243' title='bbox 913 2625 954 2678; x_wconf 85' lang='lat'><strong>&#39;&#39;.</strong></span> <span class='ocrx_word' id='word_1_244' title='bbox 1037 2627 1157 2677; x_wconf 91' lang='lat' dir='ltr'><strong>Hec</strong></span> <span class='ocrx_word' id='word_1_245' title='bbox 1187 2626 1516 2677; x_wconf 89' lang='lat' dir='ltr'><strong>Ieronimus:</strong></span> <span class='ocrx_word' id='word_1_246' title='bbox 1559 2627 1701 2692; x_wconf 88' lang='lat' dir='ltr'><strong>quod</strong></span> <span class='ocrx_word' id='word_1_247' title='bbox 1728 2634 1782 2677; x_wconf 91' lang='lat' dir='ltr'><strong>et</strong></span> <span class='ocrx_word' id='word_1_248' title='bbox 1810 2628 2038 2677; x_wconf 91' lang='lat' dir='ltr'><strong>sumitur</strong></span> <span class='ocrx_word' id='word_1_249' title='bbox 2065 2626 2134 2677; x_wconf 89' lang='lat' dir='ltr'><strong>de</strong></span> 
     </span>
     <span class='ocr_line' id='line_1_29' title="bbox 205 2711 2135 2779; baseline 0.001 -18"><span class='ocrx_word' id='word_1_250' title='bbox 205 2711 375 2762; x_wconf 89' lang='lat' dir='ltr'><strong>verbo</strong></span> <span class='ocrx_word' id='word_1_251' title='bbox 403 2711 628 2762; x_wconf 87' lang='lat' dir='ltr'><strong>Domini</strong></span> <span class='ocrx_word' id='word_1_252' title='bbox 657 2711 782 2763; x_wconf 95' lang='lat' dir='ltr'><strong>Luc.</strong></span> <span class='ocrx_word' id='word_1_253' title='bbox 812 2730 846 2779; x_wconf 83' lang='lat'>9</span> <span class='ocrx_word' id='word_1_254' title='bbox 872 2712 942 2779; x_wconf 87' lang='lat' dir='ltr'><strong>[V.</strong></span> <span class='ocrx_word' id='word_1_255' title='bbox 972 2712 1160 2778; x_wconf 82' lang='lat'>61-62]</span> <span class='ocrx_word' id='word_1_256' title='bbox 1183 2733 1193 2764; x_wconf 89' lang='lat'>:</span> <span class='ocrx_word' id='word_1_257' title='bbox 1226 2716 1238 2736; x_wconf 89' lang='lat'><em>‘</em></span> <span class='ocrx_word' id='word_1_258' title='bbox 1258 2712 1358 2763; x_wconf 87' lang='lat' dir='ltr'><strong>Ait</strong></span> <span class='ocrx_word' id='word_1_259' title='bbox 1383 2713 1551 2775; x_wconf 86' lang='lat' dir='ltr'><strong>alter;</strong></span> <span class='ocrx_word' id='word_1_260' title='bbox 1581 2729 1773 2779; x_wconf 86' lang='lat' dir='ltr'><strong>sequar</strong></span> <span class='ocrx_word' id='word_1_261' title='bbox 1790 2721 1859 2774; x_wconf 91' lang='lat' dir='ltr'><strong>te,</strong></span> <span class='ocrx_word' id='word_1_262' title='bbox 1879 2713 2135 2774; x_wconf 91' lang='lat' dir='ltr'><strong>Domine,</strong></span> 
     </span>
    </p>
   </div>
   <div class='ocr_carea' id='block_1_3' title="bbox 318 2832 2025 3153">
    <p class='ocr_par' dir='ltr' id='par_1_5' title="bbox 320 2832 571 2882">
     <span class='ocr_line' id='line_1_30' title="bbox 320 2832 571 2882; baseline 0 -12"><span class='ocrx_word' id='word_1_263' title='bbox 320 2832 331 2855; x_wconf 91' lang='grc'><strong>1</strong></span> <span class='ocrx_word' id='word_1_264' title='bbox 353 2832 398 2870; x_wconf 89' lang='lat' dir='ltr'><strong>F.</strong></span> <span class='ocrx_word' id='word_1_265' title='bbox 430 2844 571 2882; x_wconf 90' lang='lat' dir='ltr'><strong>quarn.</strong></span> 
     </span>
    </p>

    <p class='ocr_par' dir='ltr' id='par_1_6' title="bbox 319 2898 1781 2951">
     <span class='ocr_line' id='line_1_31' title="bbox 319 2898 1781 2951; baseline 0.001 -14"><span class='ocrx_word' id='word_1_266' title='bbox 319 2899 335 2923; x_wconf 80' lang='lat'>2</span> <span class='ocrx_word' id='word_1_267' title='bbox 352 2899 454 2938; x_wconf 88' lang='lat' dir='ltr'><strong>B.V.</strong></span> <span class='ocrx_word' id='word_1_268' title='bbox 479 2900 555 2949; x_wconf 87' lang='lat'><strong>87;</strong></span> <span class='ocrx_word' id='word_1_269' title='bbox 587 2900 636 2939; x_wconf 88' lang='lat' dir='ltr'><strong>F.</strong></span> <span class='ocrx_word' id='word_1_270' title='bbox 657 2900 733 2950; x_wconf 84' lang='lat'><strong>673</strong></span> <span class='ocrx_word' id='word_1_271' title='bbox 766 2899 815 2938; x_wconf 91' lang='grc' dir='ltr'><strong>Ο.</strong></span> <span class='ocrx_word' id='word_1_272' title='bbox 840 2911 904 2950; x_wconf 82' lang='grc'><strong>37.</strong></span> <span class='ocrx_word' id='word_1_273' title='bbox 965 2901 1000 2951; x_wconf 92' lang='grc' dir='ltr'><strong>(Ι</strong></span> <span class='ocrx_word' id='word_1_274' title='bbox 1022 2900 1131 2939; x_wconf 90' lang='lat' dir='ltr'><strong>have</strong></span> <span class='ocrx_word' id='word_1_275' title='bbox 1153 2899 1281 2939; x_wconf 90' lang='lat' dir='ltr'><strong>failed</strong></span> <span class='ocrx_word' id='word_1_276' title='bbox 1300 2906 1344 2939; x_wconf 87' lang='lat' dir='ltr'><strong>to</strong></span> <span class='ocrx_word' id='word_1_277' title='bbox 1364 2899 1452 2938; x_wconf 91' lang='lat' dir='ltr'><strong>find</strong></span> <span class='ocrx_word' id='word_1_278' title='bbox 1473 2900 1544 2939; x_wconf 88' lang='lat' dir='ltr'><strong>the</strong></span> <span class='ocrx_word' id='word_1_279' title='bbox 1566 2898 1781 2951; x_wconf 87' lang='lat' dir='ltr'><strong>passage.)</strong></span> 
     </span>
    </p>

    <p class='ocr_par' dir='ltr' id='par_1_7' title="bbox 318 2967 2025 3153">
     <span class='ocr_line' id='line_1_32' title="bbox 318 2967 2025 3019; baseline 0.001 -14"><span class='ocrx_word' id='word_1_280' title='bbox 318 2967 334 2991; x_wconf 82' lang='lat'>3</span> <span class='ocrx_word' id='word_1_281' title='bbox 352 2967 399 3007; x_wconf 92' lang='lat' dir='ltr'><strong>F.</strong></span> <span class='ocrx_word' id='word_1_282' title='bbox 423 2967 622 3019; x_wconf 88' lang='lat' dir='ltr'><strong>Sequitur</strong></span> <span class='ocrx_word' id='word_1_283' title='bbox 642 2967 877 3006; x_wconf 87' lang='lat' dir='ltr'><strong>secundum</strong></span> <span class='ocrx_word' id='word_1_284' title='bbox 897 2969 1042 3019; x_wconf 86' lang='lat' dir='ltr'><strong>regule</strong></span> <span class='ocrx_word' id='word_1_285' title='bbox 1062 2967 1309 3019; x_wconf 87' lang='lat' dir='ltr'><strong>capitulum.</strong></span> <span class='ocrx_word' id='word_1_286' title='bbox 1423 2968 1439 2991; x_wconf 77' lang='lat'>4</span> <span class='ocrx_word' id='word_1_287' title='bbox 1454 2968 1612 3007; x_wconf 91' lang='lat' dir='ltr'><strong>B.V.F.</strong></span> <span class='ocrx_word' id='word_1_288' title='bbox 1644 2967 1688 3006; x_wconf 90' lang='lat' dir='ltr'><strong>Si</strong></span> <span class='ocrx_word' id='word_1_289' title='bbox 1710 2968 1781 3018; x_wconf 92' lang='lat' dir='ltr'><strong>qui</strong></span> <span class='ocrx_word' id='word_1_290' title='bbox 1801 2967 2025 3007; x_wconf 88' lang='lat' dir='ltr'><strong>voluerint.</strong></span> 
     </span>
     <span class='ocr_line' id='line_1_33' title="bbox 319 3034 1988 3088; baseline 0.001 -14"><span class='ocrx_word' id='word_1_291' title='bbox 319 3036 335 3059; x_wconf 76' lang='lat'>⁵</span> <span class='ocrx_word' id='word_1_292' title='bbox 352 3036 401 3074; x_wconf 90' lang='lat' dir='ltr'><strong>B.</strong></span> <span class='ocrx_word' id='word_1_293' title='bbox 432 3035 576 3074; x_wconf 87' lang='lat' dir='ltr'><strong>Vitam</strong></span> <span class='ocrx_word' id='word_1_294' title='bbox 597 3035 723 3075; x_wconf 88' lang='lat' dir='ltr'><strong>istam</strong></span> <span class='ocrx_word' id='word_1_295' title='bbox 744 3036 950 3088; x_wconf 88' lang='lat' dir='ltr'><strong>accipere.</strong></span> <span class='ocrx_word' id='word_1_296' title='bbox 1422 3035 1438 3060; x_wconf 78' lang='grc'><strong>6</strong></span> <span class='ocrx_word' id='word_1_297' title='bbox 1454 3036 1555 3076; x_wconf 89' lang='lat' dir='ltr'><strong>B.F.</strong></span> <span class='ocrx_word' id='word_1_298' title='bbox 1585 3036 1672 3074; x_wconf 82' lang='lat' dir='ltr'><strong>add</strong></span> <span class='ocrx_word' id='word_1_299' title='bbox 1693 3034 1988 3085; x_wconf 87' lang='lat' dir='ltr'><strong>provinciales.</strong></span> 
     </span>
     <span class='ocr_line' id='line_1_34' title="bbox 320 3102 1764 3153; baseline -0.001 -12"><span class='ocrx_word' id='word_1_300' title='bbox 320 3103 335 3127; x_wconf 84' lang='lat'><strong>⁷</strong></span> <span class='ocrx_word' id='word_1_301' title='bbox 352 3104 456 3142; x_wconf 89' lang='lat' dir='ltr'><strong>Mat.</strong></span> <span class='ocrx_word' id='word_1_302' title='bbox 478 3102 589 3142; x_wconf 84' lang='lat' dir='ltr'><strong>xxiii.</strong></span> <span class='ocrx_word' id='word_1_303' title='bbox 614 3115 675 3143; x_wconf 89' lang='lat'><strong>11.</strong></span> <span class='ocrx_word' id='word_1_304' title='bbox 1421 3102 1437 3127; x_wconf 74' lang='lat' dir='ltr'>S</span> <span class='ocrx_word' id='word_1_305' title='bbox 1455 3104 1560 3141; x_wconf 86' lang='lat' dir='ltr'><strong>Luc.</strong></span> <span class='ocrx_word' id='word_1_306' title='bbox 1581 3102 1676 3141; x_wconf 84' lang='lat' dir='ltr'><strong>xxii.</strong></span> <span class='ocrx_word' id='word_1_307' title='bbox 1699 3114 1764 3153; x_wconf 85' lang='lat'><strong>27.</strong></span> 
     </span>
    </p>
   </div>
   <div class='ocr_carea' id='block_1_4' title="bbox 317 3169 1773 3426">
    <p class='ocr_par' dir='ltr' id='par_1_8' title="bbox 319 3169 1773 3289">
     <span class='ocr_line' id='line_1_35' title="bbox 319 3169 1773 3222; baseline -0.001 -13"><span class='ocrx_word' id='word_1_308' title='bbox 319 3171 335 3195; x_wconf 81' lang='grc'>9</span> <span class='ocrx_word' id='word_1_309' title='bbox 351 3171 457 3210; x_wconf 89' lang='lat' dir='ltr'><strong>0.V.</strong></span> <span class='ocrx_word' id='word_1_310' title='bbox 488 3170 559 3222; x_wconf 89' lang='lat' dir='ltr'><strong>qui</strong></span> <span class='ocrx_word' id='word_1_311' title='bbox 580 3171 715 3210; x_wconf 88' lang='lat' dir='ltr'><strong>maior</strong></span> <span class='ocrx_word' id='word_1_312' title='bbox 736 3178 802 3210; x_wconf 86' lang='lat' dir='ltr'><strong>est</strong></span> <span class='ocrx_word' id='word_1_313' title='bbox 821 3178 1007 3210; x_wconf 88' lang='lat' dir='ltr'><strong>vestrum</strong></span> <span class='ocrx_word' id='word_1_314' title='bbox 1028 3171 1082 3210; x_wconf 90' lang='lat' dir='ltr'><strong>sit</strong></span> <span class='ocrx_word' id='word_1_315' title='bbox 1102 3171 1170 3220; x_wconf 92' lang='lat' dir='ltr'><strong>[V.</strong></span> <span class='ocrx_word' id='word_1_316' title='bbox 1193 3172 1307 3220; x_wconf 89' lang='lat' dir='ltr'><strong>sum]</strong></span> <span class='ocrx_word' id='word_1_317' title='bbox 1326 3170 1437 3210; x_wconf 82' lang='lat' dir='ltr'><strong>sicut</strong></span> <span class='ocrx_word' id='word_1_318' title='bbox 1457 3171 1527 3221; x_wconf 90' lang='lat' dir='ltr'><strong>qui</strong></span> <span class='ocrx_word' id='word_1_319' title='bbox 1548 3169 1773 3209; x_wconf 88' lang='lat' dir='ltr'><strong>ministrat.</strong></span> 
     </span>
     <span class='ocr_line' id='line_1_36' title="bbox 319 3236 822 3289; baseline 0.002 -13"><span class='ocrx_word' id='word_1_320' title='bbox 319 3237 354 3262; x_wconf 82' lang='grc'><strong>10</strong></span> <span class='ocrx_word' id='word_1_321' title='bbox 368 3238 416 3276; x_wconf 88' lang='lat' dir='ltr'><strong>F.</strong></span> <span class='ocrx_word' id='word_1_322' title='bbox 445 3236 822 3289; x_wconf 87' lang='lat' dir='ltr'><strong>inexperientiam.</strong></span> 
     </span>
    </p>

    <p class='ocr_par' dir='ltr' id='par_1_9' title="bbox 317 3305 1637 3358">
     <span class='ocr_line' id='line_1_37' title="bbox 317 3305 1637 3358; baseline 0 -14"><span class='ocrx_word' id='word_1_323' title='bbox 317 3305 350 3330; x_wconf 83' lang='grc'><strong>11</strong></span> <span class='ocrx_word' id='word_1_324' title='bbox 369 3306 416 3346; x_wconf 93' lang='lat' dir='ltr'><strong>F.</strong></span> <span class='ocrx_word' id='word_1_325' title='bbox 437 3306 543 3345; x_wconf 81' lang='lat' dir='ltr'><strong>adds</strong></span> <span class='ocrx_word' id='word_1_326' title='bbox 564 3313 607 3345; x_wconf 90' lang='lat' dir='ltr'><strong>et</strong></span> <span class='ocrx_word' id='word_1_327' title='bbox 626 3306 968 3345; x_wconf 87' lang='lat' dir='ltr'><strong>declarationem.</strong></span> <span class='ocrx_word' id='word_1_328' title='bbox 1027 3305 1096 3358; x_wconf 90' lang='lat' dir='ltr'><strong>Cf.</strong></span> <span class='ocrx_word' id='word_1_329' title='bbox 1122 3306 1233 3345; x_wconf 85' lang='lat' dir='ltr'><strong>Bull.</strong></span> <span class='ocrx_word' id='word_1_330' title='bbox 1258 3307 1411 3345; x_wconf 90' lang='lat' dir='ltr'><strong>Franc.</strong></span> <span class='ocrx_word' id='word_1_331' title='bbox 1432 3305 1459 3346; x_wconf 89' lang='lat' dir='ltr'><strong>i.</strong></span> <span class='ocrx_word' id='word_1_332' title='bbox 1483 3318 1522 3356; x_wconf 89' lang='lat' dir='ltr'><strong>p.</strong></span> <span class='ocrx_word' id='word_1_333' title='bbox 1546 3307 1637 3355; x_wconf 86' lang='lat'><strong>298.</strong></span> 
     </span>
    </p>

    <p class='ocr_par' dir='ltr' id='par_1_10' title="bbox 318 3373 1640 3426">
     <span class='ocr_line' id='line_1_38' title="bbox 318 3373 1640 3426; baseline 0 -13"><span class='ocrx_word' id='word_1_334' title='bbox 318 3373 354 3398; x_wconf 75' lang='lat'><strong>¹²</strong></span> <span class='ocrx_word' id='word_1_335' title='bbox 368 3374 417 3413; x_wconf 88' lang='grc' dir='ltr'><strong>Β.</strong></span> <span class='ocrx_word' id='word_1_336' title='bbox 438 3376 630 3425; x_wconf 81' lang='lat' dir='ltr'><strong>suggests</strong></span> <span class='ocrx_word' id='word_1_337' title='bbox 649 3373 694 3412; x_wconf 84' lang='lat' dir='ltr'><strong>in</strong></span> <span class='ocrx_word' id='word_1_338' title='bbox 717 3373 885 3426; x_wconf 79' lang='lat' dir='ltr'><strong>margin</strong></span> <span class='ocrx_word' id='word_1_339' title='bbox 906 3373 1212 3414; x_wconf 86' lang='lat' dir='ltr'><strong>dinumerantis</strong></span> <span class='ocrx_word' id='word_1_340' title='bbox 1232 3381 1274 3413; x_wconf 91' lang='lat' dir='ltr'><strong>et</strong></span> <span class='ocrx_word' id='word_1_341' title='bbox 1294 3373 1640 3425; x_wconf 77' lang='lat' dir='ltr'><strong>multiplicantis,</strong></span> 
     </span>
    </p>
   </div>
   <div class='ocr_carea' id='block_1_5' title="bbox 209 3441 2139 3616">
    <p class='ocr_par' dir='ltr' id='par_1_11' title="bbox 209 3441 2139 3616">
     <span class='ocr_line' id='line_1_39' title="bbox 320 3441 2139 3494; baseline 0 -13"><span class='ocrx_word' id='word_1_342' title='bbox 320 3442 356 3466; x_wconf 82' lang='grc'><strong>13</strong></span> <span class='ocrx_word' id='word_1_343' title='bbox 372 3442 550 3489; x_wconf 87' lang='lat' dir='ltr'><strong>Hieron,</strong></span> <span class='ocrx_word' id='word_1_344' title='bbox 573 3441 708 3492; x_wconf 90' lang='lat' dir='ltr'><strong>Epist.</strong></span> <span class='ocrx_word' id='word_1_345' title='bbox 731 3441 797 3481; x_wconf 94' lang='lat' dir='ltr'><strong>liv.</strong></span> <span class='ocrx_word' id='word_1_346' title='bbox 857 3442 907 3481; x_wconf 91' lang='grc' dir='ltr'><strong>Ο.</strong></span> <span class='ocrx_word' id='word_1_347' title='bbox 929 3455 1007 3482; x_wconf 87' lang='lat' dir='ltr'><strong>om.</strong></span> <span class='ocrx_word' id='word_1_348' title='bbox 1029 3442 1064 3481; x_wconf 89' lang='lat' dir='ltr'><strong>si</strong></span> <span class='ocrx_word' id='word_1_349' title='bbox 1095 3472 1104 3482; x_wconf 92' lang='lat'><strong>.</strong></span> <span class='ocrx_word' id='word_1_350' title='bbox 1142 3473 1151 3483; x_wconf 93' lang='lat'><strong>.</strong></span> <span class='ocrx_word' id='word_1_351' title='bbox 1183 3472 1192 3481; x_wconf 97' lang='lat'><strong>.</strong></span> <span class='ocrx_word' id='word_1_352' title='bbox 1224 3442 1385 3490; x_wconf 83' lang='lat' dir='ltr'><strong>vende3</strong></span> <span class='ocrx_word' id='word_1_353' title='bbox 1418 3442 1465 3482; x_wconf 92' lang='lat' dir='ltr'><strong>B.</strong></span> <span class='ocrx_word' id='word_1_354' title='bbox 1487 3441 1593 3480; x_wconf 83' lang='lat' dir='ltr'><strong>adds</strong></span> <span class='ocrx_word' id='word_1_355' title='bbox 1623 3441 1665 3480; x_wconf 90' lang='lat' dir='ltr'><strong>in</strong></span> <span class='ocrx_word' id='word_1_356' title='bbox 1687 3448 1899 3493; x_wconf 88' lang='lat' dir='ltr'><strong>potestate</strong></span> <span class='ocrx_word' id='word_1_357' title='bbox 1920 3449 1994 3482; x_wconf 89' lang='lat' dir='ltr'><strong>tua</strong></span> <span class='ocrx_word' id='word_1_358' title='bbox 2023 3441 2139 3494; x_wconf 82' lang='lat' dir='ltr'><strong>aster</strong></span> 
     </span>
     <span class='ocr_line' id='line_1_40' title="bbox 209 3508 356 3549; baseline 0 -1"><span class='ocrx_word' id='word_1_359' title='bbox 209 3508 356 3549; x_wconf 83' lang='lat' dir='ltr'><strong>habes.</strong></span> 
     </span>
     <span class='ocr_line' id='line_1_41' title="bbox 321 3576 552 3616; baseline 0 -1"><span class='ocrx_word' id='word_1_360' title='bbox 321 3576 357 3600; x_wconf 78' lang='lat'><strong>¹⁴</strong></span> <span class='ocrx_word' id='word_1_361' title='bbox 374 3576 420 3616; x_wconf 92' lang='lat' dir='ltr'><strong>F.</strong></span> <span class='ocrx_word' id='word_1_362' title='bbox 443 3588 552 3616; x_wconf 88' lang='lat' dir='ltr'><strong>vere.</strong></span> 
     </span>
    </p>
   </div>
  </div>
 </body>
</html>
