2512 4034
316 280 385 329 62
1108 271 1439 323 PECHAM

315 421 554 471 sufficere
583 418 908 468 multitudini
936 417 1394 482 quotienscunque
1422 421 1639 481 peccata
1677 411 1971 475 confitenti,
1999 415 2041 463 si
2068 415 2237 464 vsciret

316 508 478 556 etiam
529 512 871 570 peccatorum
925 502 1098 551 nodos
1150 501 1422 565 explicare
1467 507 1520 548 et
1567 498 1872 549 discrimina
1914 501 2231 564 ponderare,

315 592 476 642 vellet
515 590 679 640 etiam
717 605 908 638 vacare
944 596 998 637 et
1038 586 1152 636 zelo
1190 587 1383 635 domus
1426 583 1698 634 dominice
1738 585 2073 634 inardescens
2107 601 2233 634 con-

315 676 668 736 descendere3
717 683 868 724 taceo
908 674 974 722 de
1013 672 1113 722 illis
1157 674 1247 737 qui
1294 671 1614 721 confitentes
1659 669 1924 735 quasdam
1975 686 2234 734 personas

314 764 556 813 nituntur
581 761 648 811 ad
679 760 884 826 flagitia
909 757 1197 819 inclinare3
1238 758 1281 806 si
1308 757 1436 806 item
1478 773 1587 806 non
1629 755 1915 805 obsisteret
1954 753 2239 805 infirmitas

313 849 397 899 vel
425 848 702 898 indevotio
729 845 1080 904 subditorum,
1109 859 1386 908 nunquam
1415 841 1611 892 vellem
1653 856 1961 906 quenquam
2002 857 2034 890 a
2071 840 2237 890 latere

313 935 634 992 venientem,
662 932 863 996 absque
901 930 1010 978 eius
1049 928 1413 994 requisitione,
1441 928 1674 993 aliquam
1702 926 2042 977 subditorum
2072 927 2237 992 ipsius

312 1020 707 1070 confessionem
734 1017 928 1066 audire.
1007 1014 1115 1065 Sed
1143 1014 1267 1080 quia
1292 1029 1482 1079 greges
1510 1021 1634 1064 sunt
1663 1012 1861 1077 magni,
1894 1028 2026 1062 oves
2061 1011 2239 1077 plures

314 1106 645 1166 oberrantes,
703 1101 1009 1152 sacerdotes
1070 1101 1335 1150 innumeri
1406 1099 1736 1165 insipientes,
1793 1099 1990 1163 ignavi,
2049 1114 2237 1163 parum

313 1199 533 1257 peccata
570 1189 932 1255 ponderantes
972 1195 1026 1236 et
1067 1202 1265 1251 magna
1303 1186 1619 1251 plerumque
1659 1183 2115 1250 parvipendentes
2151 1183 2237 1232 vel

314 1277 662 1344 negligentes,
704 1274 903 1324 subditi
946 1275 1109 1323 etiam
1155 1279 1343 1322 contra
1391 1270 1624 1337 prelatos
1665 1270 1977 1335 frequenter
2014 1267 2241 1318 faciliter

313 1363 675 1428 indignanteS‚
726 1360 970 1426 previdet
1020 1358 1235 1408 celestis
1300 1358 1574 1408 miseratio
1638 1364 1857 1421 propter
1921 1353 2236 1404 nonnullam

316 1449 747 1500 insufficientiam
788 1446 1112 1513 prelatorum
1141 1454 1196 1495 et
1235 1445 1602 1510 insipientiam
1645 1442 1986 1492 subditorum
2029 1449 2082 1490 et
2120 1458 2238 1507 pro-

315 1537 514 1588 fectum
557 1536 837 1593 bonorum,
877 1532 1058 1598 aliqua
1096 1530 1333 1580 remedia
1377 1529 1658 1588 dictorum,
1712 1528 1986 1593 religiosos
2037 1527 2240 1577 scilicet

316 1624 507 1672 missos
553 1622 605 1671 in
645 1621 891 1669 iuvamen
931 1618 1273 1668 sacerdotum
1314 1624 1367 1666 et
1403 1616 1644 1665 solamen
1689 1613 2067 1680 penitentium.
2113 1655 2122 1664 .
2169 1656 2178 1665 .
2227 1656 2235 1664 .

316 1709 408 1759 Ad
436 1709 535 1757 hoc
563 1706 707 1772 quod
735 1705 865 1755 dicit
893 1704 1037 1769 quod
1065 1719 1176 1753 non
1202 1703 1484 1768 cognoscit
1509 1700 1718 1751 vultum
1756 1701 1966 1766 pecoris
1993 1699 2087 1760 sui,
2118 1699 2240 1749 dico

313 1796 458 1861 quod
488 1793 642 1843 multi
671 1799 794 1841 sunt
823 1792 912 1856 qui
940 1789 1186 1839 videntes
1219 1806 1328 1838 non
1365 1787 1570 1851 vident,
1598 1794 1689 1836 aut
1730 1793 1949 1852 propter
1988 1786 2240 1851 ignoran-

313 1885 446 1932 tiam
473 1889 565 1930 aut
595 1887 810 1945 propter
838 1878 1111 1943 ignaviam
1144 1873 1460 1941 inquirendi,
1487 1875 1571 1923 vel
1613 1881 1833 1940 propter
1872 1871 2238 1941 insipientiam

312 1967 517 2019 ,subditi
569 1973 787 2032 peccata
838 1981 933 2013 sua
984 1963 1300 2028 plerumque
1346 1977 1513 2026 usque
1554 1962 1605 2009 in
1654 1960 1814 2009 finem
1859 1959 1970 2008 vite
2015 1974 2108 2007 sue
2154 1958 2239 2007 vel

315 2053 607 2121 aliquando
633 2052 865 2117 amplius
906 2067 998 2115 pre
1026 2048 1350 2099 verecundia
1376 2047 1713 2109 reservantis,
1743 2046 1870 2095 dum
1900 2061 2010 2094 non
2040 2045 2240 2110 reperit

314 2143 561 2192 homines
607 2139 707 2188 sibi
753 2138 820 2186 ad
868 2137 1082 2186 libitum
1124 2134 1539 2199 complacentes,
1578 2132 1713 2182 forte
1755 2147 1876 2181 cum
1923 2131 2241 2181 austeritate

314 2230 639 2294 imperantes
678 2232 770 2273 aut
810 2223 939 2273 alias
979 2222 1352 2288 displicentes3
1399 2220 1543 2269 unde
1582 2219 1633 2267 in
1671 2218 1771 2267 hac
1811 2224 1963 2283 parte
2005 2214 2237 2266 multum

312 2311 684 2379 peccatoribus
713 2319 795 2359 est
824 2307 1135 2359 favendum.
1217 2305 1341 2355 Hoc
1368 2307 1478 2355 scio
1501 2303 1645 2370 quod
1675 2303 1850 2353 nullus
1877 2309 1960 2352 est
1999 2302 2090 2368 qui
2130 2318 2239 2352 non

315 2398 581 2466 gauderet
619 2398 661 2446 si
701 2397 894 2447 bovem
935 2410 1089 2443 suurn
1130 2399 1221 2442 aut
1258 2393 1465 2441 asinum
1506 2407 1634 2440 casu
1675 2389 1886 2455 lapsum
1921 2388 1974 2437 in
2013 2395 2239 2454 puteum

313 2485 499 2535 alienis
525 2483 731 2533 videret
759 2480 1030 2531 laboribus
1059 2478 1368 2528 relevatum.
1448 2475 1729 2541 Numquid
1771 2475 1929 2541 igitur
1967 2489 2077 2523 non
2117 2489 2239 2539 cog-

313 2570 487 2621 noscit
514 2572 640 2619 satis
667 2569 871 2618 vultum
901 2567 986 2632 qui
1029 2567 1363 2633 penitentem
1405 2563 1459 2613 in
1501 2562 1630 2612 lea
1668 2562 1722 2627 in
1763 2562 1878 2610 soro
1915 2559 2240 2610 conscientie

311 2656 518 2706 invenit
544 2673 575 2704 a
599 2653 909 2704 criminibus
950 2654 1231 2718 expiatum
1273 2668 1369 2716 per
1407 2650 1509 2700 hoc
1551 2649 1696 2714 quod
1737 2647 1958 2697 alicuius
1997 2646 2238 2695 timentis

315 2743 492 2792 Deum
519 2741 587 2790 ab
620 2742 874 2807 episcopo
911 2739 1059 2789 missi
1092 2738 1416 2788 adiutorium
1437 2738 1466 2786 1,
1489 2732 1888 2801 frequentavit?
1966 2729 2058 2781 Ad
2094 2730 2239 2796 quod

310 2829 556 2893 quamvis
597 2826 827 2877 sufficiat
866 2825 1080 2875 licentia
1119 2824 1376 2889 episcopi,
1415 2823 1579 2872 tutius
1622 2828 1807 2870 tamen
1861 2825 1920 2868 ut
1970 2816 2064 2867 fiat
2115 2832 2238 2866 cum

311 2914 526 2964 licentia
551 2913 843 2963 sacerdotis
871 2910 1070 2977 proprii
1096 2926 1359 2976 expressa
1389 2908 1476 2958 vel
1517 2913 1830 2973 presumpta
1869 2902 2233 2970 probabiliter,

310 3017 472 3065 quam
513 3001 556 3050 si
596 3001 828 3065 deneget
868 2996 1315 3055 irrationabiliter,
1343 2995 1576 3045 sufficiat
1615 2992 1829 3043 licentia
1868 2987 2234 3057 episcopalis.2

314 3085 430 3136 Nec
458 3087 600 3136 enim
630 3085 1000 3135 insufficientie
1026 3083 1129 3133 dici
1169 3089 1350 3148 posset
1378 3080 1600 3130 faciliter
1626 3079 1815 3128 fortius
1852 3081 2234 3142 argumentum

308 3188 473 3237 <quam
504 3171 890 3221 rationabiliter
917 3170 1144 3235 petitam
1173 3169 1445 3219 licentiam
1468 3167 1752 3229 denegare.
1828 3163 2048 3212 Frustra
2066 3161 2231 3210 etiam

312 3260 426 3306 iura
452 3257 691 3323 allegant
718 3257 880 3306 emuli
908 3271 1222 3322 pauperum,
1250 3270 1372 3304 cum
1401 3252 1676 3319 legislator
1702 3264 1943 3300 summus
1983 3244 2232 3314 pontifex

311 3350 365 3391 et
390 3343 595 3392 domini
623 3342 920 3393 cardinales
960 3357 1268 3408 processum
1309 3338 1677 3406 religiosorum
1715 3338 1768 3386 in
1808 3331 2140 3402 predicando
2179 3338 2234 3380 et

308 3427 664 3478 confessiones
716 3427 987 3478 audiendo
1037 3442 1379 3476 communem
1433 3423 1735 3491 approbent
1785 3428 1839 3471 et
1890 3418 2226 3478 confirment,
2272 3416 2277 3418 ’

310 3514 447 3563 sicut
474 3530 658 3563 eorum
691 3513 981 3579 privilegiis
1008 3514 1331 3563 continetur.
1413 3510 1579 3576 Quod
1604 3509 1742 3558 inter
1769 3514 1946 3556 cetera
1981 3502 2230 3568 indulge-

565 3625 645 3664 1Ο.
678 3625 947 3664 auditorium.
1196 3624 1279 3662 2Ο.
1309 3637 1385 3662 om.
1409 3622 1541 3662 tutius
1571 3651 1580 3660 .
1613 3650 1622 3659 .
1655 3650 1665 3659 .
1697 3616 1968 3671 episcopalis.
