2512 4034
752 266 1232 318 TRACTATUS
1277 266 1670 317 PAUPERIS
2110 271 2171 320 61

255 411 449 478 legiati,
488 410 900 477 intelligendum
938 416 1033 470 est,
1061 411 1104 459 si
1143 417 1399 459 vocentur
1437 427 1467 458 a
1507 410 1752 475 prelatis;
1794 420 2034 477 preterea
2061 431 2182 479 pro-

254 497 410 548 batur
434 499 559 563 quia
585 499 627 547 si
650 499 894 563 princeps
918 496 1000 546 vel
1027 497 1318 561 imperator
1341 494 1605 545 concedat
1630 494 1786 545 alicui
1827 497 1972 562 quod
2012 500 2180 564 possit

255 585 308 633 in
337 583 550 649 publico
576 582 839 643 edificare,
865 580 966 630 hoc
994 581 1154 631 debet
1193 579 1420 647 intelligi
1460 581 1572 630 sine
1612 581 1903 647 preiudicio
1944 583 2179 637 alterius„

262 674 332 733 (5)
388 670 525 719 Item
570 668 870 734 specialiter
919 667 987 717 de
1038 665 1464 718 confessionibus
1514 666 1726 716 videtur
1776 667 1922 732 quod
1977 671 2028 718 in
2081 670 2183 720 hoc

257 755 617 822 preiudicatur
643 754 820 804 officio
848 752 1122 819 pastorali,
1152 754 1276 817 quia
1316 768 1410 818 per
1440 752 1540 802 hoc
1579 753 1873 818 impeditur
1911 771 1978 804 ne
2017 757 2185 820 possit

257 858 582 908 cognoscere
608 840 785 890 vultus
813 840 1016 906 pecoris
1042 837 1136 899 sui,
1165 845 1219 888 et
1245 839 1386 905 perit
1413 838 1757 889 correctionis
1791 842 2184 905 opportunitas,

257 935 311 978 et
336 928 441 978 alia
467 927 607 976 mala
634 932 934 991 sequuntur
959 924 1122 991 plura,
1147 932 1204 974 ut
1232 924 1430 977 dicunt.
1478 967 1487 977 .
1535 968 1543 976 .
1591 968 1599 976 .

370 1013 594 1064 Solutio.
674 1011 763 1062 Ad
805 1010 996 1061 horum
1036 1009 1452 1075 intelligentiam
1492 1011 1793 1061 notandum
1834 1012 1978 1077 quod
2025 1011 2190 1078 pleni-

261 1100 392 1149 tudo
443 1098 801 1149 ecclesiastice
855 1098 1154 1163 potestatiS,
1208 1105 1266 1147 ut
1318 1112 1477 1163 supra
1528 1097 1771 1147 habitum
1819 1109 1901 1148 est
1944 1115 2058 1164 cap.
2110 1117 2189 1160 X.,

261 1186 457 1235 residet
484 1187 538 1235 in
565 1200 778 1234 summo
817 1182 1083 1250 pontifice,
1112 1201 1275 1253 quam
1314 1181 1481 1233 habet
1521 1201 1591 1234 ex
1630 1184 1812 1234 divina
1850 1185 2188 1247 auctoritate,

218 1262 222 1267 ’
262 1272 395 1322 sicut
440 1271 724 1337 probatum
766 1278 848 1321 est
888 1271 942 1319 in
981 1276 1137 1320 textu
1176 1269 1504 1335 evangelico
1549 1312 1558 1321 .
1599 1311 1608 1320 .
1651 1311 1660 1320 .
1705 1273 1775 1333 (Ι)
1820 1270 1913 1320 Ad
1955 1273 2189 1338 primum

260 1357 544 1408 dicendum
586 1355 730 1422 quod
771 1356 954 1407 missio
993 1356 1182 1406 talium
1222 1357 1296 1405 sic
1343 1374 1374 1412 a
1412 1355 1577 1406 latere
1618 1358 1962 1417 venientium,
2003 1359 2123 1407 dico
2162 1374 2194 1407 a

260 1443 426 1494 latere
452 1445 542 1509 qui
570 1459 679 1492 non
708 1449 831 1492 sunt
860 1442 1063 1508 prelati,
1091 1460 1200 1493 non
1236 1451 1316 1493 est
1358 1443 1410 1492 in
1453 1442 1806 1508 preiudicium
1846 1443 1940 1493 sed
1981 1445 2034 1493 in
2075 1460 2194 1509 pre-

260 1530 455 1580 sidium
482 1529 822 1595 prelatorum,
845 1529 988 1594 quod
1010 1536 1162 1594 patet
1188 1529 1232 1578 si
1252 1528 1637 1594 ymaginemur
1657 1546 1841 1579 curam
1863 1530 2191 1596 pastoralem

262 1624 320 1666 ut
346 1632 477 1665 onus
503 1615 878 1681 gravissimum
906 1615 1143 1664 humeris
1169 1615 1397 1681 pastoris
1424 1616 1834 1681 superpositum.
1875 1656 1884 1665 .
1926 1657 1934 1664 .
1979 1658 1988 1667 .
2032 1616 2124 1666 Ad
2162 1630 2192 1666 2

265 1701 384 1751 dico
428 1701 573 1767 quod
618 1699 817 1751 nullam
863 1700 1101 1751 defendo
1145 1701 1516 1751 confusionem
1559 1701 1643 1750 vel
1696 1700 2055 1752 turbationem
2101 1702 2194 1752 sed

266 1795 509 1837 sanctam
537 1788 980 1846 communionem,
1010 1789 1305 1851 gratiarum
1342 1788 1558 1847 scilicet,
1587 1803 1747 1853 quam
1787 1787 1941 1838 dedit
1979 1789 2196 1854 spiritus

266 1873 709 1926 administrando,
792 1872 1045 1939 Amplius
1098 1874 1221 1923 dico
1272 1875 1313 1923 si
1368 1873 1601 1940 prelatus
1652 1890 1864 1940 semper
1913 1874 2196 1937 sufficeret,

266 1976 480 2026 semper
505 1961 677 2020 sciret,
703 1976 918 2027 semper
944 1959 1103 2010 vellet
1130 1976 1351 2026 gregem
1383 1961 1661 2022 instruere,
1683 1969 1737 2012 et
1757 1962 1927 2011 vitam
1957 1961 2200 2011 doctrine

268 2046 631 2108 concordaret,
661 2063 935 2112 nunquam
963 2045 1157 2096 vellem
1187 2046 1331 2112 quod
1367 2045 1509 2113 plebi
1548 2046 1710 2113 ipsius
1747 2047 1938 2112 aliquis
1975 2048 2196 2099 verbum

269 2140 600 2199 proponeret,
632 2131 729 2182 nisi
757 2134 847 2198 qui
874 2132 1046 2197 magis
1073 2132 1207 2183 forte
1235 2132 1517 2195 sufficeret,
1543 2132 1731 2183 melius
1758 2135 1911 2185 sciret
1940 2141 1994 2183 et
2031 2136 2201 2184 inten-

268 2220 373 2269 tius
401 2219 636 2269 caritatis
658 2220 872 2269 arderet
895 2220 1187 2270 incendiis:
1219 2218 1343 2269 ideo
1366 2219 1382 2247 1
1413 2219 1804 2285 predicatorem
1826 2237 2201 2286 quemcunque

272 2323 302 2355 a
342 2306 511 2356 latere
550 2306 858 2356 venientem
898 2306 1072 2356 iudico
1117 2305 1610 2372 reprehensibilem,
1653 2305 1694 2356 si
1740 2306 1982 2372 predicet
2021 2314 2203 2373 spreta

270 2392 501 2441 curantis
526 2393 836 2453 reverentia,
864 2401 1340 2458 quantumcunque
1368 2392 1701 2458 peccatoris,2
1728 2393 1827 2443 nisi
1850 2393 1991 2443 forte
2020 2392 2204 2458 malig-

270 2478 410 2527 nitas
450 2477 561 2527 eius
600 2485 750 2527 tanta
786 2486 924 2528 esset
962 2479 1108 2544 quod
1148 2478 1371 2529 verbum
1411 2479 1597 2528 salutis
1629 2478 1885 2545 repellere
1913 2480 2198 2531 laboraret.

275 2605 284 2615 .
332 2606 341 2615 .
388 2603 398 2613 .
441 2562 533 2613 Ad
576 2577 602 2627 3
644 2563 929 2614 dicendum
969 2581 1064 2630 per
1089 2565 1596 2630 interemptionem:
1638 2564 1834 2615 dicitur
1860 2567 2004 2615 enim
2035 2565 2201 2616 Deut.

277 2661 341 2712 23
408 2652 474 2710 [V.
531 2651 650 2712 24]:
715 2650 1043 2716 “Ingressus
1097 2649 1359 2711 vineam‚''
1421 2657 1536 2711 ete„
1592 2650 1797 2717 glossa:
1863 2652 1914 2700 in
1980 2651 2204 2701 ecclesia

274 2734 488 2784 alterius
514 2734 764 2801 episcopi,
793 2742 972 2801 potest
998 2735 1134 2786 alter
1170 2736 1380 2801 aliquos
1418 2737 1683 2801 corrigere
1721 2735 1805 2787 vel
1844 2736 2201 2797 confirmare;

275 2825 448 2870 totam
475 2818 692 2886 plebem
724 2836 832 2870 non
871 2820 993 2870 licet
1031 2822 1079 2870 ei
1117 2837 1301 2889 regere
1338 2821 1421 2872 vel
1464 2838 1661 2889 magna
1702 2822 1918 2890 negotia
1956 2828 2205 2873 tractare.

280 2905 533 2971 Amplius
583 2905 704 2956 dico
755 2905 898 2971 quod
952 2906 1173 2972 prelatis
1223 2907 1324 2958 hoc
1369 2909 1616 2958 convenit
1662 2925 1734 2959 ex
1779 2909 2099 2959 auctoritate
2150 2914 2204 2958 et

277 2990 656 3053 iurisdictione,
714 2991 973 3056 religiosis
1025 2991 1196 3043 solum
1255 3010 1326 3043 ex
1389 2994 1794 3044 commissione:
1859 2993 1985 3044 licet
2047 2994 2208 3060 igitur

278 3076 502 3127 alicuius
528 3076 757 3143 religiosi
785 3079 1097 3128 commissio
1124 3080 1296 3144 possit
1335 3096 1452 3129 esse
1490 3078 1726 3130 ambitus
1764 3078 1982 3140 latioris,
2012 3079 2205 3146 prelati

278 3169 464 3212 tamen
493 3163 788 3213 iurisdictio
814 3170 895 3213 est
921 3163 1062 3214 tituli
1089 3163 1353 3230 dignioris
1391 3171 1446 3215 et
1486 3163 1842 3215 sublimioris:
1883 3166 2006 3230 quia
2046 3165 2209 3230 igitur

280 3249 321 3299 si
374 3248 820 3314 permiscerentur
871 3249 1258 3300 iurisdictiones
1311 3249 1639 3316 prelatorum
1704 3258 1930 3317 possent
1982 3250 2210 3301 faciliter

280 3333 524 3384 suscitari
563 3334 932 3385 contentiones
971 3343 1025 3386 et
1063 3334 1197 3397 lites,
1226 3352 1335 3386 non
1374 3336 1602 3402 expedit
1642 3352 1794 3386 curas
1833 3337 2076 3399 misceri3
2115 3354 2207 3387 ex-

226 3440 229 3442 ·
280 3420 431 3486 pedit
472 3427 652 3470 tamen
705 3420 1012 3471 curantibus
1063 3421 1446 3487 opitulationes
1497 3421 1760 3474 exhiberi.
1840 3421 1930 3472 Ad
1977 3438 2011 3485 4
2056 3428 2210 3490 patet

279 3507 559 3573 responsio
585 3523 656 3556 ex
685 3506 952 3572 predictis
1036 3506 1126 3557 Ad
1159 3519 1182 3572 5
1215 3507 1337 3558 dico
1364 3508 1509 3573 quod
1538 3506 1580 3556 si
1609 3506 1844 3574 prelatus
1887 3516 2068 3574 posset
2105 3509 2207 3560 toti

692 3618 705 3641 1
724 3619 783 3658 M.
806 3618 994 3658 omnino.
1406 3619 1422 3644 2
1440 3621 1490 3661 Ο.
1517 3619 1803 3672 predicatoris.
