<?xml version="1.0" encoding="UTF-8"?>
<!DOCTYPE html PUBLIC "-//W3C//DTD XHTML 1.0 Transitional//EN"
    "http://www.w3.org/TR/xhtml1/DTD/xhtml1-transitional.dtd">
<html xmlns="http://www.w3.org/1999/xhtml" xml:lang="en" lang="en">
 <head>
  <title>
</title>
<meta http-equiv="Content-Type" content="text/html;charset=utf-8" />
  <meta name='ocr-system' content='tesseract 3.04.00' />
  <meta name='ocr-capabilities' content='ocr_page ocr_carea ocr_par ocr_line ocrx_word'/>
</head>
<body>
  <div class='ocr_page' id='page_1' title='image "./fratrisjohannisp00peck_0094.png"; bbox 0 0 2512 4034; ppageno 0'>
   <div class='ocr_carea' id='block_1_1' title="bbox 343 256 1463 323">
    <p class='ocr_par' dir='ltr' id='par_1_1' title="bbox 343 256 1463 323">
     <span class='ocr_line' id='line_1_1' title="bbox 343 256 1463 323; baseline -0.004 -13"><span class='ocrx_word' id='word_1_1' title='bbox 343 262 410 323; x_wconf 72' lang='lat'>76</span> <span class='ocrx_word' id='word_1_2' title='bbox 1135 256 1463 308; x_wconf 79' lang='lat' dir='ltr'><strong>PECHAM</strong></span> 
     </span>
    </p>
   </div>
   <div class='ocr_carea' id='block_1_2' title="bbox 330 401 2277 3647">
    <p class='ocr_par' dir='ltr' id='par_1_2' title="bbox 330 401 2257 809">
     <span class='ocr_line' id='line_1_2' title="bbox 330 401 2252 469; baseline 0.001 -17"><span class='ocrx_word' id='word_1_3' title='bbox 330 419 516 452; x_wconf 88' lang='lat' dir='ltr'>omnes</span> <span class='ocrx_word' id='word_1_4' title='bbox 546 402 774 452; x_wconf 76' lang='lat' dir='ltr'>libenter</span> <span class='ocrx_word' id='word_1_5' title='bbox 801 401 1141 452; x_wconf 68' lang='lat' dir='ltr'>inclinantur.</span> <span class='ocrx_word' id='word_1_6' title='bbox 1220 401 1384 452; x_wconf 91' lang='lat' dir='ltr'>Unde</span> <span class='ocrx_word' id='word_1_7' title='bbox 1416 401 1492 452; x_wconf 80' lang='lat' dir='ltr'>Io,</span> <span class='ocrx_word' id='word_1_8' title='bbox 1526 418 1583 451; x_wconf 80' lang='lat' dir='ltr'>x,</span> <span class='ocrx_word' id='word_1_9' title='bbox 1616 405 1722 464; x_wconf 88' lang='lat'><em>[12]</em></span> <span class='ocrx_word' id='word_1_10' title='bbox 1749 420 1757 453; x_wconf 90' lang='lat'><strong>:</strong></span> <span class='ocrx_word' id='word_1_11' title='bbox 1801 402 2000 467; x_wconf 87' lang='lat' dir='ltr'>“lupus</span> <span class='ocrx_word' id='word_1_12' title='bbox 2028 405 2166 469; x_wconf 88' lang='lat' dir='ltr'>rapit</span> <span class='ocrx_word' id='word_1_13' title='bbox 2198 410 2252 454; x_wconf 89' lang='lat' dir='ltr'>et</span> 
     </span>
     <span class='ocr_line' id='line_1_3' title="bbox 330 486 2251 554; baseline 0 -16"><span class='ocrx_word' id='word_1_14' title='bbox 330 488 589 554; x_wconf 76' lang='lat' dir='ltr'>dispergit</span> <span class='ocrx_word' id='word_1_15' title='bbox 617 486 797 540; x_wconf 82' lang='lat' dir='ltr'>oves&#39;&#39;.</span> <span class='ocrx_word' id='word_1_16' title='bbox 879 486 1026 552; x_wconf 88' lang='lat' dir='ltr'>Ergo</span> <span class='ocrx_word' id='word_1_17' title='bbox 1055 487 1269 552; x_wconf 81' lang='lat' dir='ltr'>quando</span> <span class='ocrx_word' id='word_1_18' title='bbox 1296 487 1562 536; x_wconf 88' lang='lat' dir='ltr'>dictorum</span> <span class='ocrx_word' id='word_1_19' title='bbox 1604 486 1998 552; x_wconf 87' lang='lat' dir='ltr'>predicationes</span> <span class='ocrx_word' id='word_1_20' title='bbox 2030 488 2251 538; x_wconf 86' lang='lat' dir='ltr'>invales-</span> 
     </span>
     <span class='ocr_line' id='line_1_4' title="bbox 331 572 2257 639; baseline 0 -16"><span class='ocrx_word' id='word_1_21' title='bbox 331 581 450 623; x_wconf 91' lang='lat' dir='ltr'>cent</span> <span class='ocrx_word' id='word_1_22' title='bbox 475 582 529 623; x_wconf 91' lang='lat' dir='ltr'>et</span> <span class='ocrx_word' id='word_1_23' title='bbox 555 573 663 623; x_wconf 86' lang='lat' dir='ltr'>ficti</span> <span class='ocrx_word' id='word_1_24' title='bbox 691 574 879 639; x_wconf 85' lang='lat' dir='ltr'>prelati</span> <span class='ocrx_word' id='word_1_25' title='bbox 908 574 983 622; x_wconf 85' lang='lat' dir='ltr'>eis</span> <span class='ocrx_word' id='word_1_26' title='bbox 1012 589 1116 622; x_wconf 85' lang='lat' dir='ltr'>non</span> <span class='ocrx_word' id='word_1_27' title='bbox 1146 574 1408 627; x_wconf 78' lang='lat' dir='ltr'>resistent.</span> <span class='ocrx_word' id='word_1_28' title='bbox 1436 588 1651 621; x_wconf 91' lang='lat' dir='ltr'>necesse</span> <span class='ocrx_word' id='word_1_29' title='bbox 1680 580 1761 621; x_wconf 90' lang='lat' dir='ltr'>est</span> <span class='ocrx_word' id='word_1_30' title='bbox 1789 580 1849 621; x_wconf 92' lang='lat' dir='ltr'>ut</span> <span class='ocrx_word' id='word_1_31' title='bbox 1868 589 2007 636; x_wconf 89' lang='lat' dir='ltr'>grex</span> <span class='ocrx_word' id='word_1_32' title='bbox 2033 572 2257 623; x_wconf 85' lang='lat' dir='ltr'>Domini</span> 
     </span>
     <span class='ocr_line' id='line_1_5' title="bbox 330 654 2256 724; baseline -0.001 -15"><span class='ocrx_word' id='word_1_33' title='bbox 330 661 680 724; x_wconf 75' lang='lat' dir='ltr'>dispergatur.</span> <span class='ocrx_word' id='word_1_34' title='bbox 758 658 920 709; x_wconf 84' lang='lat' dir='ltr'>Unde</span> <span class='ocrx_word' id='word_1_35' title='bbox 952 658 1148 707; x_wconf 81' lang='lat' dir='ltr'>Ezech.</span> <span class='ocrx_word' id='word_1_36' title='bbox 1181 672 1247 722; x_wconf 83' lang='lat'>34</span> <span class='ocrx_word' id='word_1_37' title='bbox 1275 654 1339 721; x_wconf 84' lang='lat' dir='ltr'>[V.</span> <span class='ocrx_word' id='word_1_38' title='bbox 1375 657 1456 723; x_wconf 83' lang='lat'>5]:</span> <span class='ocrx_word' id='word_1_39' title='bbox 1498 657 1781 723; x_wconf 77' lang='lat' dir='ltr'>“disperse</span> <span class='ocrx_word' id='word_1_40' title='bbox 1821 664 1946 707; x_wconf 88' lang='lat' dir='ltr'>sunt</span> <span class='ocrx_word' id='word_1_41' title='bbox 1983 675 2107 708; x_wconf 85' lang='lat' dir='ltr'>oves</span> <span class='ocrx_word' id='word_1_42' title='bbox 2138 676 2256 708; x_wconf 94' lang='lat' dir='ltr'>mee</span> 
     </span>
     <span class='ocr_line' id='line_1_6' title="bbox 333 743 1156 809; baseline -0.001 -15"><span class='ocrx_word' id='word_1_43' title='bbox 333 761 396 795; x_wconf 94' lang='lat' dir='ltr'>eo</span> <span class='ocrx_word' id='word_1_44' title='bbox 423 745 570 809; x_wconf 78' lang='lat' dir='ltr'>quod</span> <span class='ocrx_word' id='word_1_45' title='bbox 596 762 704 794; x_wconf 91' lang='lat' dir='ltr'>non</span> <span class='ocrx_word' id='word_1_46' title='bbox 733 751 873 793; x_wconf 90' lang='lat' dir='ltr'>esset</span> <span class='ocrx_word' id='word_1_47' title='bbox 900 750 1084 809; x_wconf 89' lang='lat' dir='ltr'>pastor</span> <span class='ocrx_word' id='word_1_48' title='bbox 1108 743 1156 793; x_wconf 78' lang='lat'>²⁹.</span> 
     </span>
    </p>

    <p class='ocr_par' dir='ltr' id='par_1_3' title="bbox 331 828 2263 1838">
     <span class='ocr_line' id='line_1_7' title="bbox 441 828 2254 895; baseline 0.001 -16"><span class='ocrx_word' id='word_1_49' title='bbox 441 829 531 880; x_wconf 84' lang='lat' dir='ltr'>Ad</span> <span class='ocrx_word' id='word_1_50' title='bbox 573 830 718 879; x_wconf 91' lang='lat' dir='ltr'>illam</span> <span class='ocrx_word' id='word_1_51' title='bbox 757 830 1131 879; x_wconf 81' lang='lat' dir='ltr'>auctoritatem</span> <span class='ocrx_word' id='word_1_52' title='bbox 1172 828 1437 894; x_wconf 88' lang='lat' dir='ltr'>apostoli:</span> <span class='ocrx_word' id='word_1_53' title='bbox 1482 833 1507 854; x_wconf 84' lang='lat'><em>“</em></span> <span class='ocrx_word' id='word_1_54' title='bbox 1533 836 1689 879; x_wconf 90' lang='lat' dir='ltr'>erunt</span> <span class='ocrx_word' id='word_1_55' title='bbox 1726 828 1975 878; x_wconf 90' lang='lat' dir='ltr'>homines</span> <span class='ocrx_word' id='word_1_56' title='bbox 2014 846 2072 878; x_wconf 89' lang='lat' dir='ltr'>se</span> <span class='ocrx_word' id='word_1_57' title='bbox 2111 831 2254 895; x_wconf 89' lang='lat' dir='ltr'>ipsos</span> 
     </span>
     <span class='ocr_line' id='line_1_8' title="bbox 333 914 2257 981; baseline 0 -16"><span class='ocrx_word' id='word_1_58' title='bbox 333 916 628 977; x_wconf 82' lang='lat' dir='ltr'>amantes,&#39;&#39;</span> <span class='ocrx_word' id='word_1_59' title='bbox 656 924 771 976; x_wconf 68' lang='lat' dir='ltr'>eto,</span> <span class='ocrx_word' id='word_1_60' title='bbox 802 923 952 980; x_wconf 83' lang='lat' dir='ltr'>patet</span> <span class='ocrx_word' id='word_1_61' title='bbox 979 915 1281 979; x_wconf 83' lang='lat' dir='ltr'>responsio:</span> <span class='ocrx_word' id='word_1_62' title='bbox 1323 915 1591 980; x_wconf 82' lang='lat' dir='ltr'>numquid</span> <span class='ocrx_word' id='word_1_63' title='bbox 1621 922 1846 981; x_wconf 88' lang='lat' dir='ltr'>possunt</span> <span class='ocrx_word' id='word_1_64' title='bbox 1873 914 1978 964; x_wconf 91' lang='lat' dir='ltr'>dici</span> <span class='ocrx_word' id='word_1_65' title='bbox 2007 924 2257 965; x_wconf 91' lang='lat' dir='ltr'>amantes</span> 
     </span>
     <span class='ocr_line' id='line_1_9' title="bbox 332 999 2258 1067; baseline 0.001 -17"><span class='ocrx_word' id='word_1_66' title='bbox 332 1018 389 1050; x_wconf 89' lang='lat' dir='ltr'>se</span> <span class='ocrx_word' id='word_1_67' title='bbox 414 1002 571 1066; x_wconf 87' lang='lat' dir='ltr'>ipsos,</span> <span class='ocrx_word' id='word_1_68' title='bbox 597 1001 689 1065; x_wconf 86' lang='lat' dir='ltr'>qui</span> <span class='ocrx_word' id='word_1_69' title='bbox 716 1008 933 1065; x_wconf 87' lang='lat' dir='ltr'>propter</span> <span class='ocrx_word' id='word_1_70' title='bbox 974 999 1249 1050; x_wconf 85' lang='lat' dir='ltr'>Christum</span> <span class='ocrx_word' id='word_1_71' title='bbox 1290 999 1528 1050; x_wconf 90' lang='lat' dir='ltr'>abiciunt</span> <span class='ocrx_word' id='word_1_72' title='bbox 1568 1018 1625 1050; x_wconf 92' lang='lat' dir='ltr'>se</span> <span class='ocrx_word' id='word_1_73' title='bbox 1664 1001 1827 1066; x_wconf 88' lang='lat' dir='ltr'>ipsos,</span> <span class='ocrx_word' id='word_1_74' title='bbox 1860 1008 2258 1067; x_wconf 86' lang='lat' dir='ltr'>contempnunt</span> 
     </span>
     <span class='ocr_line' id='line_1_10' title="bbox 332 1086 2256 1154; baseline 0 -18"><span class='ocrx_word' id='word_1_75' title='bbox 332 1087 791 1149; x_wconf 82' lang='lat' dir='ltr'>statumhonoris,</span> <span class='ocrx_word' id='word_1_76' title='bbox 821 1086 886 1136; x_wconf 88' lang='lat' dir='ltr'>ad</span> <span class='ocrx_word' id='word_1_77' title='bbox 916 1103 1079 1151; x_wconf 85' lang='lat' dir='ltr'>quem</span> <span class='ocrx_word' id='word_1_78' title='bbox 1109 1086 1220 1152; x_wconf 85' lang='lat' dir='ltr'>apti</span> <span class='ocrx_word' id='word_1_79' title='bbox 1249 1093 1375 1136; x_wconf 90' lang='lat' dir='ltr'>sunt</span> <span class='ocrx_word' id='word_1_80' title='bbox 1402 1087 1539 1137; x_wconf 89' lang='lat' dir='ltr'>sicut</span> <span class='ocrx_word' id='word_1_81' title='bbox 1579 1087 1679 1145; x_wconf 90' lang='lat' dir='ltr'>alii,</span> <span class='ocrx_word' id='word_1_82' title='bbox 1708 1096 1763 1137; x_wconf 93' lang='lat' dir='ltr'>et</span> <span class='ocrx_word' id='word_1_83' title='bbox 1803 1087 2013 1154; x_wconf 89' lang='lat' dir='ltr'>eligunt</span> <span class='ocrx_word' id='word_1_84' title='bbox 2054 1094 2256 1137; x_wconf 89' lang='lat' dir='ltr'>statum</span> 
     </span>
     <span class='ocr_line' id='line_1_11' title="bbox 331 1172 2259 1239; baseline 0 -17"><span class='ocrx_word' id='word_1_85' title='bbox 331 1172 655 1233; x_wconf 83' lang='lat' dir='ltr'>abiectioniS,</span> <span class='ocrx_word' id='word_1_86' title='bbox 683 1172 895 1238; x_wconf 80' lang='lat' dir='ltr'>fugiunt</span> <span class='ocrx_word' id='word_1_87' title='bbox 923 1172 1137 1221; x_wconf 81' lang='lat' dir='ltr'>divitias</span> <span class='ocrx_word' id='word_1_88' title='bbox 1175 1179 1229 1222; x_wconf 92' lang='lat' dir='ltr'>et</span> <span class='ocrx_word' id='word_1_89' title='bbox 1269 1172 1502 1233; x_wconf 82' lang='lat' dir='ltr'>delicias,</span> <span class='ocrx_word' id='word_1_90' title='bbox 1531 1174 1712 1239; x_wconf 89' lang='lat' dir='ltr'>inopia</span> <span class='ocrx_word' id='word_1_91' title='bbox 1749 1175 2031 1223; x_wconf 83' lang='lat' dir='ltr'>contenti?</span> <span class='ocrx_word' id='word_1_92' title='bbox 2072 1213 2077 1215; x_wconf 43' lang='lat'>&gt;</span> <span class='ocrx_word' id='word_1_93' title='bbox 2110 1173 2259 1239; x_wconf 75' lang='lat' dir='ltr'>Quid</span> 
     </span>
     <span class='ocr_line' id='line_1_12' title="bbox 335 1258 2263 1325; baseline 0.001 -17"><span class='ocrx_word' id='word_1_94' title='bbox 335 1275 462 1324; x_wconf 89' lang='lat' dir='ltr'>ergo</span> <span class='ocrx_word' id='word_1_95' title='bbox 514 1259 752 1308; x_wconf 87' lang='lat' dir='ltr'>insanius</span> <span class='ocrx_word' id='word_1_96' title='bbox 805 1275 969 1323; x_wconf 87' lang='lat' dir='ltr'>quam</span> <span class='ocrx_word' id='word_1_97' title='bbox 1024 1258 1335 1308; x_wconf 88' lang='lat' dir='ltr'>huiusmodi</span> <span class='ocrx_word' id='word_1_98' title='bbox 1386 1258 1632 1308; x_wconf 90' lang='lat' dir='ltr'>homines</span> <span class='ocrx_word' id='word_1_99' title='bbox 1689 1259 1959 1325; x_wconf 87' lang='lat' dir='ltr'>appellare</span> <span class='ocrx_word' id='word_1_100' title='bbox 2010 1277 2065 1309; x_wconf 90' lang='lat' dir='ltr'>se</span> <span class='ocrx_word' id='word_1_101' title='bbox 2118 1261 2263 1325; x_wconf 90' lang='lat' dir='ltr'>ipsos</span> 
     </span>
     <span class='ocr_line' id='line_1_13' title="bbox 333 1343 2262 1411; baseline 0.001 -18"><span class='ocrx_word' id='word_1_102' title='bbox 333 1349 615 1393; x_wconf 87' lang='lat' dir='ltr'>amantes?</span> <span class='ocrx_word' id='word_1_103' title='bbox 659 1344 903 1393; x_wconf 79' lang='lat' dir='ltr'>maxime</span> <span class='ocrx_word' id='word_1_104' title='bbox 948 1360 1071 1392; x_wconf 90' lang='lat' dir='ltr'>cum</span> <span class='ocrx_word' id='word_1_105' title='bbox 1120 1343 1193 1393; x_wconf 90' lang='lat' dir='ltr'>illi</span> <span class='ocrx_word' id='word_1_106' title='bbox 1241 1345 1322 1394; x_wconf 90' lang='lat' dir='ltr'>sui</span> <span class='ocrx_word' id='word_1_107' title='bbox 1366 1351 1651 1404; x_wconf 84' lang='lat' dir='ltr'>amatores,</span> <span class='ocrx_word' id='word_1_108' title='bbox 1697 1347 1834 1395; x_wconf 92' lang='lat' dir='ltr'>sicut</span> <span class='ocrx_word' id='word_1_109' title='bbox 1886 1361 1956 1394; x_wconf 91' lang='lat' dir='ltr'>ex</span> <span class='ocrx_word' id='word_1_110' title='bbox 2006 1344 2262 1411; x_wconf 86' lang='lat' dir='ltr'>predictis</span> 
     </span>
     <span class='ocr_line' id='line_1_14' title="bbox 335 1429 2261 1495; baseline 0.001 -17"><span class='ocrx_word' id='word_1_111' title='bbox 335 1436 486 1495; x_wconf 87' lang='lat' dir='ltr'>patet</span> <span class='ocrx_word' id='word_1_112' title='bbox 524 1437 579 1479; x_wconf 94' lang='lat' dir='ltr'>et</span> <span class='ocrx_word' id='word_1_113' title='bbox 617 1447 688 1479; x_wconf 89' lang='lat' dir='ltr'>ex</span> <span class='ocrx_word' id='word_1_114' title='bbox 732 1429 1194 1494; x_wconf 82' lang='lat' dir='ltr'>consequentibus</span> <span class='ocrx_word' id='word_1_115' title='bbox 1240 1429 1293 1478; x_wconf 91' lang='lat' dir='ltr'>in</span> <span class='ocrx_word' id='word_1_116' title='bbox 1346 1438 1519 1491; x_wconf 77' lang='lat' dir='ltr'>textU,</span> <span class='ocrx_word' id='word_1_117' title='bbox 1561 1431 1793 1481; x_wconf 89' lang='lat' dir='ltr'>debeant</span> <span class='ocrx_word' id='word_1_118' title='bbox 1844 1447 1962 1480; x_wconf 89' lang='lat' dir='ltr'>esse</span> <span class='ocrx_word' id='word_1_119' title='bbox 2013 1431 2261 1481; x_wconf 88' lang='lat' dir='ltr'>homines</span> 
     </span>
     <span class='ocr_line' id='line_1_15' title="bbox 334 1514 2262 1581; baseline 0.002 -17"><span class='ocrx_word' id='word_1_120' title='bbox 334 1515 675 1581; x_wconf 86' lang='lat' dir='ltr'>voluptuosi:</span> <span class='ocrx_word' id='word_1_121' title='bbox 729 1515 821 1564; x_wconf 89' lang='lat' dir='ltr'>sed</span> <span class='ocrx_word' id='word_1_122' title='bbox 863 1514 1008 1565; x_wconf 88' lang='lat' dir='ltr'>illam</span> <span class='ocrx_word' id='word_1_123' title='bbox 1048 1524 1258 1580; x_wconf 88' lang='lat' dir='ltr'>partem</span> <span class='ocrx_word' id='word_1_124' title='bbox 1312 1515 1599 1568; x_wconf 80' lang='lat' dir='ltr'>dimittam.</span> <span class='ocrx_word' id='word_1_125' title='bbox 1677 1517 1993 1567; x_wconf 85' lang='lat' dir='ltr'>“Homines</span> <span class='ocrx_word' id='word_1_126' title='bbox 2046 1516 2262 1567; x_wconf 85' lang='lat' dir='ltr'>fraudu-</span> 
     </span>
     <span class='ocr_line' id='line_1_16' title="bbox 335 1600 2255 1670; baseline 0.002 -20"><span class='ocrx_word' id='word_1_127' title='bbox 335 1600 510 1661; x_wconf 57' lang='lat' dir='ltr'>lenit*</span> <span class='ocrx_word' id='word_1_128' title='bbox 539 1608 685 1666; x_wconf 91' lang='lat' dir='ltr'>patet</span> <span class='ocrx_word' id='word_1_129' title='bbox 713 1602 803 1666; x_wconf 85' lang='lat' dir='ltr'>qui</span> <span class='ocrx_word' id='word_1_130' title='bbox 826 1609 953 1650; x_wconf 88' lang='lat' dir='ltr'>sunt</span> <span class='ocrx_word' id='word_1_131' title='bbox 975 1601 1464 1667; x_wconf 90' lang='lat' dir='ltr'>pseudo-prophete</span> <span class='ocrx_word' id='word_1_132' title='bbox 1482 1602 1549 1652; x_wconf 92' lang='lat' dir='ltr'>de</span> <span class='ocrx_word' id='word_1_133' title='bbox 1570 1601 1768 1667; x_wconf 86' lang='lat' dir='ltr'>quibus</span> <span class='ocrx_word' id='word_1_134' title='bbox 1795 1604 1925 1654; x_wconf 80' lang='lat' dir='ltr'>Mat.</span> <span class='ocrx_word' id='word_1_135' title='bbox 1950 1617 2017 1667; x_wconf 82' lang='lat'>24</span> <span class='ocrx_word' id='word_1_136' title='bbox 2040 1603 2109 1670; x_wconf 87' lang='lat' dir='ltr'>[V.</span> <span class='ocrx_word' id='word_1_137' title='bbox 2139 1617 2157 1653; x_wconf 86' lang='grc' dir='ltr'>Ι</span> <span class='ocrx_word' id='word_1_138' title='bbox 2175 1602 2222 1668; x_wconf 91' lang='grc' dir='ltr'>Ι]</span> <span class='ocrx_word' id='word_1_139' title='bbox 2246 1621 2255 1654; x_wconf 85' lang='grc'>;</span> 
     </span>
     <span class='ocr_line' id='line_1_17' title="bbox 334 1686 2261 1754; baseline 0 -16"><span class='ocrx_word' id='word_1_140' title='bbox 334 1687 531 1738; x_wconf 86' lang='lat' dir='ltr'>dicitur</span> <span class='ocrx_word' id='word_1_141' title='bbox 592 1688 743 1753; x_wconf 88' lang='lat' dir='ltr'>quod</span> <span class='ocrx_word' id='word_1_142' title='bbox 807 1686 1016 1736; x_wconf 77' lang='lat' dir='ltr'>“multi</span> <span class='ocrx_word' id='word_1_143' title='bbox 1069 1686 1568 1753; x_wconf 88' lang='lat' dir='ltr'>pseudo-prophete</span> <span class='ocrx_word' id='word_1_144' title='bbox 1620 1697 1846 1754; x_wconf 88' lang='lat' dir='ltr'>surgent</span> <span class='ocrx_word' id='word_1_145' title='bbox 1897 1697 1949 1738; x_wconf 94' lang='lat' dir='ltr'>et</span> <span class='ocrx_word' id='word_1_146' title='bbox 2001 1688 2261 1739; x_wconf 88' lang='lat' dir='ltr'>seducent</span> 
     </span>
     <span class='ocr_line' id='line_1_18' title="bbox 337 1772 1564 1838; baseline 0.002 -14"><span class='ocrx_word' id='word_1_147' title='bbox 337 1773 577 1834; x_wconf 82' lang='lat' dir='ltr'>multos,&#39;&#39;</span> <span class='ocrx_word' id='word_1_148' title='bbox 618 1772 739 1823; x_wconf 84' lang='lat' dir='ltr'>falsi</span> <span class='ocrx_word' id='word_1_149' title='bbox 778 1775 1121 1838; x_wconf 76' lang='lat' dir='ltr'>expositores</span> <span class='ocrx_word' id='word_1_150' title='bbox 1160 1773 1564 1838; x_wconf 78' lang='lat' dir='ltr'>scripturarum,</span> 
     </span>
    </p>

    <p class='ocr_par' dir='ltr' id='par_1_4' title="bbox 336 1858 2277 3647">
     <span class='ocr_line' id='line_1_19' title="bbox 447 1858 2265 1927; baseline 0.002 -19"><span class='ocrx_word' id='word_1_151' title='bbox 447 1860 764 1925; x_wconf 88' lang='lat' dir='ltr'>Prophetias</span> <span class='ocrx_word' id='word_1_152' title='bbox 795 1858 1146 1924; x_wconf 88' lang='lat' dir='ltr'>Hildegardis</span> <span class='ocrx_word' id='word_1_153' title='bbox 1173 1875 1276 1908; x_wconf 91' lang='lat' dir='ltr'>non</span> <span class='ocrx_word' id='word_1_154' title='bbox 1305 1859 1541 1909; x_wconf 86' lang='lat' dir='ltr'>multum</span> <span class='ocrx_word' id='word_1_155' title='bbox 1572 1862 1829 1925; x_wconf 87' lang='lat' dir='ltr'>pondero,</span> <span class='ocrx_word' id='word_1_156' title='bbox 1858 1862 1950 1911; x_wconf 89' lang='lat' dir='ltr'>sed</span> <span class='ocrx_word' id='word_1_157' title='bbox 1978 1862 2149 1927; x_wconf 90' lang='lat' dir='ltr'>magis</span> <span class='ocrx_word' id='word_1_158' title='bbox 2175 1878 2265 1911; x_wconf 90' lang='lat' dir='ltr'>eos</span> 
     </span>
     <span class='ocr_line' id='line_1_20' title="bbox 338 1944 2263 2012; baseline 0.002 -17"><span class='ocrx_word' id='word_1_159' title='bbox 338 1962 505 2011; x_wconf 84' lang='lat' dir='ltr'>arguo</span> <span class='ocrx_word' id='word_1_160' title='bbox 545 1947 636 2011; x_wconf 85' lang='lat' dir='ltr'>qui</span> <span class='ocrx_word' id='word_1_161' title='bbox 677 1944 910 1995; x_wconf 85' lang='lat' dir='ltr'>mulieris</span> <span class='ocrx_word' id='word_1_162' title='bbox 955 1945 1259 1994; x_wconf 86' lang='lat' dir='ltr'>doctrinam</span> <span class='ocrx_word' id='word_1_163' title='bbox 1300 1947 1354 1994; x_wconf 89' lang='lat' dir='ltr'>in</span> <span class='ocrx_word' id='word_1_164' title='bbox 1400 1945 1654 1996; x_wconf 91' lang='lat' dir='ltr'>ecclesias</span> <span class='ocrx_word' id='word_1_165' title='bbox 1696 1946 2058 2009; x_wconf 84' lang='lat' dir='ltr'>introducunt,</span> <span class='ocrx_word' id='word_1_166' title='bbox 2097 1964 2263 2012; x_wconf 87' lang='lat' dir='ltr'>quam</span> 
     </span>
     <span class='ocr_line' id='line_1_21' title="bbox 340 2030 2263 2099; baseline 0.002 -18"><span class='ocrx_word' id='word_1_167' title='bbox 340 2031 620 2097; x_wconf 85' lang='lat' dir='ltr'>apostolus</span> <span class='ocrx_word' id='word_1_168' title='bbox 639 2031 834 2081; x_wconf 88' lang='lat' dir='ltr'>docere</span> <span class='ocrx_word' id='word_1_169' title='bbox 856 2030 908 2080; x_wconf 89' lang='lat' dir='ltr'>in</span> <span class='ocrx_word' id='word_1_170' title='bbox 931 2030 1156 2080; x_wconf 89' lang='lat' dir='ltr'>ecclesia</span> <span class='ocrx_word' id='word_1_171' title='bbox 1174 2047 1279 2080; x_wconf 88' lang='lat' dir='ltr'>non</span> <span class='ocrx_word' id='word_1_172' title='bbox 1302 2032 1580 2097; x_wconf 88' lang='lat' dir='ltr'>permittit.</span> <span class='ocrx_word' id='word_1_173' title='bbox 1649 2031 1706 2083; x_wconf 82' lang='lat' dir='ltr'>Si</span> <span class='ocrx_word' id='word_1_174' title='bbox 1727 2033 1874 2082; x_wconf 90' lang='lat' dir='ltr'>dicas</span> <span class='ocrx_word' id='word_1_175' title='bbox 1894 2032 2263 2099; x_wconf 86' lang='lat' dir='ltr'>Augustinum</span> 
     </span>
     <span class='ocr_line' id='line_1_22' title="bbox 338 2116 2264 2185; baseline 0.002 -19"><span class='ocrx_word' id='word_1_176' title='bbox 338 2118 570 2183; x_wconf 87' lang='lat' dir='ltr'>allegare</span> <span class='ocrx_word' id='word_1_177' title='bbox 610 2116 796 2168; x_wconf 81' lang='lat' dir='ltr'>Sibille</span> <span class='ocrx_word' id='word_1_178' title='bbox 842 2117 1211 2167; x_wconf 88' lang='lat' dir='ltr'>testimonium</span> <span class='ocrx_word' id='word_1_179' title='bbox 1258 2117 1311 2165; x_wconf 92' lang='lat' dir='ltr'>in</span> <span class='ocrx_word' id='word_1_180' title='bbox 1352 2116 1488 2167; x_wconf 90' lang='lat' dir='ltr'>libro</span> <span class='ocrx_word' id='word_1_181' title='bbox 1536 2117 1622 2168; x_wconf 91' lang='lat' dir='ltr'>De</span> <span class='ocrx_word' id='word_1_182' title='bbox 1668 2118 1780 2170; x_wconf 87' lang='lat' dir='ltr'>Civ.</span> <span class='ocrx_word' id='word_1_183' title='bbox 1827 2119 1930 2169; x_wconf 89' lang='lat' dir='ltr'>Dei</span> <span class='ocrx_word' id='word_1_184' title='bbox 1983 2121 2059 2182; x_wconf 83' lang='lat'>18,</span> <span class='ocrx_word' id='word_1_185' title='bbox 2104 2120 2264 2185; x_wconf 88' lang='lat' dir='ltr'>plane</span> 
     </span>
     <span class='ocr_line' id='line_1_23' title="bbox 338 2201 2264 2271; baseline 0.001 -18"><span class='ocrx_word' id='word_1_186' title='bbox 338 2220 526 2253; x_wconf 86' lang='lat' dir='ltr'>verum</span> <span class='ocrx_word' id='word_1_187' title='bbox 554 2212 648 2264; x_wconf 89' lang='lat' dir='ltr'>est,</span> <span class='ocrx_word' id='word_1_188' title='bbox 679 2203 773 2253; x_wconf 91' lang='lat' dir='ltr'>sed</span> <span class='ocrx_word' id='word_1_189' title='bbox 810 2211 1013 2252; x_wconf 85' lang='lat' dir='ltr'>certum</span> <span class='ocrx_word' id='word_1_190' title='bbox 1056 2211 1134 2252; x_wconf 90' lang='lat' dir='ltr'>est</span> <span class='ocrx_word' id='word_1_191' title='bbox 1169 2201 1417 2253; x_wconf 86' lang='lat' dir='ltr'>Sibillam</span> <span class='ocrx_word' id='word_1_192' title='bbox 1453 2205 1821 2270; x_wconf 90' lang='lat' dir='ltr'>apostolorum</span> <span class='ocrx_word' id='word_1_193' title='bbox 1862 2212 2110 2271; x_wconf 90' lang='lat' dir='ltr'>tempora</span> <span class='ocrx_word' id='word_1_194' title='bbox 2147 2223 2264 2271; x_wconf 91' lang='lat' dir='ltr'>pre-</span> 
     </span>
     <span class='ocr_line' id='line_1_24' title="bbox 339 2288 2266 2355; baseline 0.002 -17"><span class='ocrx_word' id='word_1_195' title='bbox 339 2291 570 2339; x_wconf 88' lang='lat' dir='ltr'>cessisse.</span> <span class='ocrx_word' id='word_1_196' title='bbox 652 2289 907 2355; x_wconf 74' lang='lat' dir='ltr'>Amplius</span> <span class='ocrx_word' id='word_1_197' title='bbox 954 2289 1077 2338; x_wconf 89' lang='lat' dir='ltr'>licet</span> <span class='ocrx_word' id='word_1_198' title='bbox 1116 2288 1431 2354; x_wconf 86' lang='lat' dir='ltr'>Augustino</span> <span class='ocrx_word' id='word_1_199' title='bbox 1468 2290 1612 2355; x_wconf 85' lang='lat' dir='ltr'>quod</span> <span class='ocrx_word' id='word_1_200' title='bbox 1651 2307 1759 2341; x_wconf 92' lang='lat' dir='ltr'>non</span> <span class='ocrx_word' id='word_1_201' title='bbox 1800 2291 1922 2341; x_wconf 93' lang='lat' dir='ltr'>licet</span> <span class='ocrx_word' id='word_1_202' title='bbox 1961 2292 2266 2341; x_wconf 87' lang='lat' dir='ltr'>adversario</span> 
     </span>
     <span class='ocr_line' id='line_1_25' title="bbox 338 2374 2264 2443; baseline 0.001 -18"><span class='ocrx_word' id='word_1_203' title='bbox 338 2376 594 2428; x_wconf 65' lang='lat' dir='ltr'>veritatis</span> <span class='ocrx_word' id='word_1_204' title='bbox 706 2375 797 2425; x_wconf 73' lang='lat' dir='ltr'>Ad</span> <span class='ocrx_word' id='word_1_205' title='bbox 850 2374 994 2440; x_wconf 83' lang='lat' dir='ltr'>quod</span> <span class='ocrx_word' id='word_1_206' title='bbox 1046 2375 1233 2425; x_wconf 91' lang='lat' dir='ltr'>dicunt</span> <span class='ocrx_word' id='word_1_207' title='bbox 1283 2375 1504 2440; x_wconf 86' lang='lat' dir='ltr'>quidam</span> <span class='ocrx_word' id='word_1_208' title='bbox 1560 2376 1898 2427; x_wconf 86' lang='lat' dir='ltr'>Bernardum</span> <span class='ocrx_word' id='word_1_209' title='bbox 1954 2378 2264 2443; x_wconf 87' lang='lat' dir='ltr'>prophetias</span> 
     </span>
     <span class='ocr_line' id='line_1_26' title="bbox 343 2460 2265 2529; baseline 0.001 -18"><span class='ocrx_word' id='word_1_210' title='bbox 343 2460 693 2526; x_wconf 86' lang='lat' dir='ltr'>Hildegardis</span> <span class='ocrx_word' id='word_1_211' title='bbox 720 2461 1013 2527; x_wconf 80' lang='lat' dir='ltr'>collegisse,</span> <span class='ocrx_word' id='word_1_212' title='bbox 1045 2461 1088 2510; x_wconf 90' lang='lat' dir='ltr'>si</span> <span class='ocrx_word' id='word_1_213' title='bbox 1124 2477 1310 2510; x_wconf 86' lang='lat' dir='ltr'>verum</span> <span class='ocrx_word' id='word_1_214' title='bbox 1351 2469 1447 2523; x_wconf 88' lang='lat' dir='ltr'>est,</span> <span class='ocrx_word' id='word_1_215' title='bbox 1475 2462 1787 2512; x_wconf 87' lang='lat' dir='ltr'>huiusmodi</span> <span class='ocrx_word' id='word_1_216' title='bbox 1828 2463 2108 2529; x_wconf 87' lang='lat' dir='ltr'>prophetie</span> <span class='ocrx_word' id='word_1_217' title='bbox 2147 2480 2265 2513; x_wconf 87' lang='lat' dir='ltr'>auc-</span> 
     </span>
     <span class='ocr_line' id='line_1_27' title="bbox 339 2546 2265 2614; baseline 0.001 -16"><span class='ocrx_word' id='word_1_218' title='bbox 339 2549 557 2598; x_wconf 88' lang='lat' dir='ltr'>toritam</span> <span class='ocrx_word' id='word_1_219' title='bbox 597 2565 705 2598; x_wconf 92' lang='lat' dir='ltr'>non</span> <span class='ocrx_word' id='word_1_220' title='bbox 744 2547 1007 2598; x_wconf 87' lang='lat' dir='ltr'>ostendit:</span> <span class='ocrx_word' id='word_1_221' title='bbox 1049 2546 1268 2613; x_wconf 90' lang='lat' dir='ltr'>collegit</span> <span class='ocrx_word' id='word_1_222' title='bbox 1294 2547 1440 2597; x_wconf 87' lang='lat' dir='ltr'>enim</span> <span class='ocrx_word' id='word_1_223' title='bbox 1479 2547 1788 2599; x_wconf 87' lang='lat' dir='ltr'>Bernardus</span> <span class='ocrx_word' id='word_1_224' title='bbox 1816 2549 2049 2614; x_wconf 84' lang='lat' dir='ltr'>quedam</span> <span class='ocrx_word' id='word_1_225' title='bbox 2078 2549 2147 2599; x_wconf 91' lang='lat' dir='ltr'>ad</span> <span class='ocrx_word' id='word_1_226' title='bbox 2188 2567 2265 2599; x_wconf 90' lang='lat' dir='ltr'>re-</span> 
     </span>
     <span class='ocr_line' id='line_1_28' title="bbox 339 2632 2262 2702; baseline 0.002 -20"><span class='ocrx_word' id='word_1_227' title='bbox 339 2634 694 2699; x_wconf 89' lang='lat' dir='ltr'>probandum,</span> <span class='ocrx_word' id='word_1_228' title='bbox 735 2635 870 2683; x_wconf 89' lang='lat' dir='ltr'>sicut</span> <span class='ocrx_word' id='word_1_229' title='bbox 910 2650 1110 2683; x_wconf 86' lang='lat' dir='ltr'>errores</span> <span class='ocrx_word' id='word_1_230' title='bbox 1157 2632 1431 2696; x_wconf 83' lang='lat' dir='ltr'>Abelardi,</span> <span class='ocrx_word' id='word_1_231' title='bbox 1470 2635 1705 2700; x_wconf 85' lang='lat' dir='ltr'>quedam</span> <span class='ocrx_word' id='word_1_232' title='bbox 1748 2636 1815 2685; x_wconf 89' lang='lat' dir='ltr'>ad</span> <span class='ocrx_word' id='word_1_233' title='bbox 1855 2636 2262 2702; x_wconf 86' lang='lat' dir='ltr'>experiendum,</span> 
     </span>
     <span class='ocr_line' id='line_1_29' title="bbox 338 2719 2262 2788; baseline 0.002 -19"><span class='ocrx_word' id='word_1_234' title='bbox 338 2721 474 2770; x_wconf 90' lang='lat' dir='ltr'>sicut</span> <span class='ocrx_word' id='word_1_235' title='bbox 501 2719 680 2770; x_wconf 88' lang='lat' dir='ltr'>forsan</span> <span class='ocrx_word' id='word_1_236' title='bbox 708 2719 1019 2770; x_wconf 90' lang='lat' dir='ltr'>huiusmodi</span> <span class='ocrx_word' id='word_1_237' title='bbox 1050 2720 1287 2770; x_wconf 90' lang='lat' dir='ltr'>mulieris</span> <span class='ocrx_word' id='word_1_238' title='bbox 1314 2719 1486 2770; x_wconf 85' lang='lat' dir='ltr'>verba.</span> <span class='ocrx_word' id='word_1_239' title='bbox 1569 2721 1642 2771; x_wconf 85' lang='lat' dir='ltr'>Et</span> <span class='ocrx_word' id='word_1_240' title='bbox 1670 2721 1815 2787; x_wconf 84' lang='lat' dir='ltr'>quod</span> <span class='ocrx_word' id='word_1_241' title='bbox 1848 2722 2036 2772; x_wconf 90' lang='lat' dir='ltr'>dicunt</span> <span class='ocrx_word' id='word_1_242' title='bbox 2064 2739 2262 2788; x_wconf 90' lang='lat' dir='ltr'>papam</span> 
     </span>
     <span class='ocr_line' id='line_1_30' title="bbox 342 2805 2265 2874; baseline 0.002 -20"><span class='ocrx_word' id='word_1_243' title='bbox 342 2805 650 2871; x_wconf 83' lang='lat' dir='ltr'>Eugenium</span> <span class='ocrx_word' id='word_1_244' title='bbox 698 2824 761 2856; x_wconf 88' lang='lat' dir='ltr'>ea</span> <span class='ocrx_word' id='word_1_245' title='bbox 806 2806 1163 2865; x_wconf 85' lang='lat' dir='ltr'>confirmasse,</span> <span class='ocrx_word' id='word_1_246' title='bbox 1202 2805 1359 2872; x_wconf 89' lang='lat' dir='ltr'>plane</span> <span class='ocrx_word' id='word_1_247' title='bbox 1405 2815 1486 2856; x_wconf 88' lang='lat' dir='ltr'>est</span> <span class='ocrx_word' id='word_1_248' title='bbox 1533 2808 1889 2869; x_wconf 89' lang='lat' dir='ltr'>mendacium,</span> <span class='ocrx_word' id='word_1_249' title='bbox 1939 2808 2068 2874; x_wconf 84' lang='lat' dir='ltr'>quia</span> <span class='ocrx_word' id='word_1_250' title='bbox 2111 2808 2265 2858; x_wconf 92' lang='lat' dir='ltr'>sedes</span> 
     </span>
     <span class='ocr_line' id='line_1_31' title="bbox 339 2890 2261 2956; baseline 0.001 -15"><span class='ocrx_word' id='word_1_251' title='bbox 339 2892 634 2956; x_wconf 87' lang='lat' dir='ltr'>apostolica</span> <span class='ocrx_word' id='word_1_252' title='bbox 672 2909 777 2942; x_wconf 93' lang='lat' dir='ltr'>non</span> <span class='ocrx_word' id='word_1_253' title='bbox 815 2891 926 2941; x_wconf 90' lang='lat' dir='ltr'>sole</span> <span class='ocrx_word' id='word_1_254' title='bbox 965 2890 1126 2941; x_wconf 87' lang='lat' dir='ltr'>dubia</span> <span class='ocrx_word' id='word_1_255' title='bbox 1154 2892 1487 2953; x_wconf 86' lang='lat' dir='ltr'>confirmare,</span> <span class='ocrx_word' id='word_1_256' title='bbox 1518 2895 1761 2943; x_wconf 81' lang='lat' dir='ltr'>maxime</span> <span class='ocrx_word' id='word_1_257' title='bbox 1789 2911 1910 2944; x_wconf 90' lang='lat' dir='ltr'>cum</span> <span class='ocrx_word' id='word_1_258' title='bbox 1939 2895 2038 2944; x_wconf 92' lang='lat' dir='ltr'>hec</span> <span class='ocrx_word' id='word_1_259' title='bbox 2065 2894 2119 2943; x_wconf 92' lang='lat' dir='ltr'>in</span> <span class='ocrx_word' id='word_1_260' title='bbox 2145 2893 2261 2944; x_wconf 89' lang='lat' dir='ltr'>aliis</span> 
     </span>
     <span class='ocr_line' id='line_1_32' title="bbox 336 2965 2265 3045; baseline 0.002 -19"><span class='ocrx_word' id='word_1_261' title='bbox 336 2965 656 3027; x_wconf 42' lang='lat' dir='ltr'>&#39;temeritatis</span> <span class='ocrx_word' id='word_1_262' title='bbox 684 2995 779 3028; x_wconf 92' lang='lat' dir='ltr'>sue</span> <span class='ocrx_word' id='word_1_263' title='bbox 805 2977 1283 3043; x_wconf 86' lang='lat' dir='ltr'>scriptitationibus</span> <span class='ocrx_word' id='word_1_264' title='bbox 1311 2979 1418 3027; x_wconf 87' lang='lat' dir='ltr'>suis</span> <span class='ocrx_word' id='word_1_265' title='bbox 1444 2987 1699 3029; x_wconf 87' lang='lat' dir='ltr'>noscatur</span> <span class='ocrx_word' id='word_1_266' title='bbox 1725 2979 1880 3045; x_wconf 89' lang='lat' dir='ltr'>plura</span> <span class='ocrx_word' id='word_1_267' title='bbox 1906 2996 2124 3030; x_wconf 89' lang='lat' dir='ltr'>erronea</span> <span class='ocrx_word' id='word_1_268' title='bbox 2150 2980 2265 3030; x_wconf 89' lang='lat' dir='ltr'>reli-</span> 
     </span>
     <span class='ocr_line' id='line_1_33' title="bbox 339 3062 2262 3131; baseline 0.003 -21"><span class='ocrx_word' id='word_1_269' title='bbox 339 3063 527 3126; x_wconf 85' lang='lat' dir='ltr'>quisse.</span> <span class='ocrx_word' id='word_1_270' title='bbox 607 3062 784 3114; x_wconf 88' lang='lat' dir='ltr'>Credo</span> <span class='ocrx_word' id='word_1_271' title='bbox 823 3072 1002 3113; x_wconf 91' lang='lat' dir='ltr'>autem</span> <span class='ocrx_word' id='word_1_272' title='bbox 1042 3063 1214 3113; x_wconf 91' lang='lat' dir='ltr'>donec</span> <span class='ocrx_word' id='word_1_273' title='bbox 1241 3064 1386 3113; x_wconf 90' lang='lat' dir='ltr'>aliud</span> <span class='ocrx_word' id='word_1_274' title='bbox 1425 3064 1557 3114; x_wconf 86' lang='lat' dir='ltr'>mihi</span> <span class='ocrx_word' id='word_1_275' title='bbox 1584 3067 1897 3129; x_wconf 88' lang='lat' dir='ltr'>innotescat,</span> <span class='ocrx_word' id='word_1_276' title='bbox 1926 3066 2262 3131; x_wconf 89' lang='lat' dir='ltr'>prophetiam</span> 
     </span>
     <span class='ocr_line' id='line_1_34' title="bbox 343 3146 2261 3215; baseline 0.004 -20"><span class='ocrx_word' id='word_1_277' title='bbox 343 3146 692 3213; x_wconf 88' lang='lat' dir='ltr'>Hildegardis</span> <span class='ocrx_word' id='word_1_278' title='bbox 738 3166 808 3199; x_wconf 89' lang='lat' dir='ltr'>ex</span> <span class='ocrx_word' id='word_1_279' title='bbox 856 3148 1069 3214; x_wconf 87' lang='lat' dir='ltr'>dyaboli</span> <span class='ocrx_word' id='word_1_280' title='bbox 1117 3150 1312 3199; x_wconf 89' lang='lat' dir='ltr'>astutia</span> <span class='ocrx_word' id='word_1_281' title='bbox 1355 3153 1693 3215; x_wconf 88' lang='lat' dir='ltr'>processisse.</span> <span class='ocrx_word' id='word_1_282' title='bbox 1794 3151 2073 3202; x_wconf 90' lang='lat' dir='ltr'>Intellexit</span> <span class='ocrx_word' id='word_1_283' title='bbox 2117 3152 2261 3202; x_wconf 89' lang='lat' dir='ltr'>enim</span> 
     </span>
     <span class='ocr_line' id='line_1_35' title="bbox 340 3232 2264 3302; baseline 0.003 -21"><span class='ocrx_word' id='word_1_284' title='bbox 340 3232 563 3283; x_wconf 84' lang='lat' dir='ltr'>humani</span> <span class='ocrx_word' id='word_1_285' title='bbox 591 3236 799 3300; x_wconf 89' lang='lat' dir='ltr'>generis</span> <span class='ocrx_word' id='word_1_286' title='bbox 828 3236 1075 3285; x_wconf 84' lang='lat' dir='ltr'>inimicus</span> <span class='ocrx_word' id='word_1_287' title='bbox 1113 3253 1183 3285; x_wconf 91' lang='lat' dir='ltr'>ex</span> <span class='ocrx_word' id='word_1_288' title='bbox 1222 3235 1460 3301; x_wconf 89' lang='lat' dir='ltr'>pluribus</span> <span class='ocrx_word' id='word_1_289' title='bbox 1488 3238 1870 3302; x_wconf 87' lang='lat' dir='ltr'>scripturarum</span> <span class='ocrx_word' id='word_1_290' title='bbox 1899 3238 2126 3287; x_wconf 88' lang='lat' dir='ltr'>oraculis</span> <span class='ocrx_word' id='word_1_291' title='bbox 2150 3237 2264 3286; x_wconf 90' lang='lat' dir='ltr'>reli-</span> 
     </span>
     <span class='ocr_line' id='line_1_36' title="bbox 340 3319 2262 3385; baseline 0.003 -18"><span class='ocrx_word' id='word_1_292' title='bbox 340 3319 525 3383; x_wconf 86' lang='lat' dir='ltr'>giones</span> <span class='ocrx_word' id='word_1_293' title='bbox 564 3336 857 3385; x_wconf 89' lang='lat' dir='ltr'>pauperum</span> <span class='ocrx_word' id='word_1_294' title='bbox 904 3322 1237 3370; x_wconf 89' lang='lat' dir='ltr'>suscitandas</span> <span class='ocrx_word' id='word_1_295' title='bbox 1284 3321 1539 3372; x_wconf 86' lang='lat' dir='ltr'>divinitus</span> <span class='ocrx_word' id='word_1_296' title='bbox 1583 3323 1636 3372; x_wconf 94' lang='lat' dir='ltr'>in</span> <span class='ocrx_word' id='word_1_297' title='bbox 1683 3324 2023 3373; x_wconf 86' lang='lat' dir='ltr'>ecclesiarum</span> <span class='ocrx_word' id='word_1_298' title='bbox 2070 3321 2262 3372; x_wconf 86' lang='lat' dir='ltr'>releva-</span> 
     </span>
     <span class='ocr_line' id='line_1_37' title="bbox 341 3404 2277 3473; baseline 0.003 -22"><span class='ocrx_word' id='word_1_299' title='bbox 341 3404 559 3466; x_wconf 87' lang='lat' dir='ltr'>tionem,</span> <span class='ocrx_word' id='word_1_300' title='bbox 589 3406 722 3456; x_wconf 90' lang='lat' dir='ltr'>sicut</span> <span class='ocrx_word' id='word_1_301' title='bbox 758 3407 922 3456; x_wconf 89' lang='lat' dir='ltr'>etiam</span> <span class='ocrx_word' id='word_1_302' title='bbox 962 3408 1210 3472; x_wconf 87' lang='lat' dir='ltr'>prescivit</span> <span class='ocrx_word' id='word_1_303' title='bbox 1250 3407 1444 3458; x_wconf 87' lang='lat' dir='ltr'>Christi</span> <span class='ocrx_word' id='word_1_304' title='bbox 1482 3408 1777 3460; x_wconf 86' lang='lat' dir='ltr'>adventum</span> <span class='ocrx_word' id='word_1_305' title='bbox 1807 3419 1858 3459; x_wconf 90' lang='lat' dir='ltr'>et</span> <span class='ocrx_word' id='word_1_306' title='bbox 1896 3409 1998 3458; x_wconf 90' lang='lat' dir='ltr'>alia</span> <span class='ocrx_word' id='word_1_307' title='bbox 2038 3408 2277 3473; x_wconf 86' lang='lat' dir='ltr'>plurima</span> 
     </span>
     <span class='ocr_line' id='line_1_38' title="bbox 343 3489 2261 3560; baseline 0.003 -24"><span class='ocrx_word' id='word_1_308' title='bbox 343 3489 395 3537; x_wconf 90' lang='lat' dir='ltr'>in</span> <span class='ocrx_word' id='word_1_309' title='bbox 445 3492 712 3556; x_wconf 87' lang='lat' dir='ltr'>scripturis</span> <span class='ocrx_word' id='word_1_310' title='bbox 765 3493 1017 3557; x_wconf 88' lang='lat' dir='ltr'>predicta.</span> <span class='ocrx_word' id='word_1_311' title='bbox 1127 3493 1330 3543; x_wconf 88' lang='lat' dir='ltr'>Volens</span> <span class='ocrx_word' id='word_1_312' title='bbox 1382 3495 1540 3558; x_wconf 87' lang='lat' dir='ltr'>igitur</span> <span class='ocrx_word' id='word_1_313' title='bbox 1592 3495 1760 3545; x_wconf 86' lang='lat' dir='ltr'>facere</span> <span class='ocrx_word' id='word_1_314' title='bbox 1809 3494 2083 3560; x_wconf 86' lang='lat' dir='ltr'>religiones</span> <span class='ocrx_word' id='word_1_315' title='bbox 2135 3493 2261 3544; x_wconf 86' lang='lat' dir='ltr'>istas</span> 
     </span>
     <span class='ocr_line' id='line_1_39' title="bbox 342 3573 2265 3647; baseline 0.003 -25"><span class='ocrx_word' id='word_1_316' title='bbox 342 3573 643 3625; x_wconf 87' lang='lat' dir='ltr'>hominibus</span> <span class='ocrx_word' id='word_1_317' title='bbox 679 3577 904 3638; x_wconf 83' lang='lat' dir='ltr'>odiosas,</span> <span class='ocrx_word' id='word_1_318' title='bbox 935 3578 1160 3639; x_wconf 81' lang='lat' dir='ltr'>veritati,</span> <span class='ocrx_word' id='word_1_319' title='bbox 1203 3595 1364 3643; x_wconf 81' lang='lat' dir='ltr'>quam</span> <span class='ocrx_word' id='word_1_320' title='bbox 1404 3580 1487 3628; x_wconf 85' lang='lat' dir='ltr'>vel</span> <span class='ocrx_word' id='word_1_321' title='bbox 1527 3597 1596 3629; x_wconf 93' lang='lat' dir='ltr'>ex</span> <span class='ocrx_word' id='word_1_322' title='bbox 1636 3581 1904 3647; x_wconf 88' lang='lat' dir='ltr'>scripturis</span> <span class='ocrx_word' id='word_1_323' title='bbox 1942 3579 2023 3629; x_wconf 83' lang='lat' dir='ltr'>vel</span> <span class='ocrx_word' id='word_1_324' title='bbox 2063 3578 2265 3644; x_wconf 88' lang='lat' dir='ltr'>angelis</span> 
     </span>
    </p>
   </div>
  </div>
 </body>
</html>
