2512 4034
336 282 400 344 56
1113 275 1443 326 PECHAM

331 423 535 475 Contra
584 421 747 487 igitur
795 437 984 471 omnes
1034 421 1198 470 verba
1247 418 1461 468 heretici
1512 418 1750 468 dicentes
1803 417 2085 482 Vigilantii
2136 416 2237 468 hec

327 509 488 559 verba
525 508 801 559 sufficiant.

438 594 517 659 (3)
559 593 745 660 [After
765 593 983 659 quoting
996 591 1221 657 semme,
1250 589 1409 639 Isaac
1431 590 1494 653 of
1506 588 1764 649 AVz'nevelz,
1796 587 1883 653 (de
1911 587 2241 653 perfectione

329 677 831 743 contemplationis),
870 676 1011 726 Bede
1046 676 1162 724 and
1206 674 1452 739 Gregory,
1487 674 1720 723 Pecham
1759 673 2020 722 continues
2038 671 2077 737 ]
2120 674 2243 723 Pre—

327 771 472 814 terea
510 764 808 813 animarum
848 761 987 811 salus
1028 767 1335 826 procuratur
1372 775 1532 824 super
1569 760 1751 808 omnia
1790 775 1885 823 per
1924 758 2239 808 instantiam

326 849 594 907 orationiS‚
647 863 679 896 a
730 864 832 912 qua
881 863 1042 896 omne
1090 844 1315 895 verbum
1380 845 1543 894 habet
1604 843 1915 904 efficaciam,
1980 849 2034 892 et
2084 843 2240 893 bonis

326 934 591 1000 exemplis
643 934 761 999 plus
813 948 972 997 quam
1022 930 1506 981 vociferationibus.
1584 929 1748 981 Unde
1801 929 1930 979 illud
1980 928 2240 979 verbum:

326 1021 539 1070 “donec
565 1018 755 1068 sterilis
783 1018 987 1084 peperit
1013 1016 1317 1082 plurim05,’'
1362 1023 1473 1077 etc,
1500 1015 1811 1083 exponebat
1848 1015 2035 1065 beatus
2074 1016 2243 1065 Fran-

326 1107 494 1156 ciscus
547 1106 649 1154 sic:
707 1103 919 1155 Sterz‘lz's
966 1110 1049 1152 est
1099 1102 1258 1152 frater
1309 1101 1543 1167 simplex
1593 1119 1701 1151 non
1752 1101 1955 1151 habens
2004 1100 2243 1151 officium

328 1191 703 1258 predicationis
722 1209 733 1252 ;
798 1207 894 1256 que
942 1206 1064 1238 vero
1115 1189 1303 1238 multos
1350 1187 1573 1238 habebat
1614 1188 1764 1254 filios
1812 1195 1894 1237 est
1945 1187 2245 1253 predicator

326 1278 547 1343 insignis
573 1277 664 1342 qui
691 1275 886 1326 multos
926 1273 1356 1341 persuasionibus
1394 1280 1703 1324 convertere
1743 1274 1952 1323 videtur
1988 1273 2057 1322 ad
2098 1273 2245 1338 peni-

326 1364 554 1413 tentiam
576 1383 585 1413 :
626 1362 719 1412 sed
748 1377 857 1411 non
884 1368 979 1422 est,
1006 1359 1195 1426 inquit,
1221 1359 1324 1409 hoc
1348 1360 1546 1410 virtute
1572 1375 1668 1409 sua
1705 1359 1798 1409 sed
1839 1360 2034 1409 virtute
2071 1359 2245 1408 fratris

327 1448 517 1498 sterilis
555 1450 609 1498 in
650 1447 830 1507 verb0,
864 1447 1058 1496 virtute
1095 1444 1306 1496 fecundi
1347 1451 1402 1494 et
1440 1445 1584 1511 apud
1623 1445 1804 1495 Deum
1845 1444 2245 1510 potentissimi.l

327 1576 337 1585 .
377 1575 388 1586 .
430 1575 439 1585 .
479 1535 735 1601 Amplius
782 1533 1041 1599 religiosis
1091 1531 1411 1598 impiissime
1453 1531 1744 1598 opponitur
1787 1532 2035 1580 meritum
2075 1530 2247 1596 prela-

325 1627 516 1681 torum,
549 1637 669 1670 cum
696 1620 748 1668 in
777 1618 1036 1684 religione
1062 1618 1168 1668 sint
1195 1618 1382 1684 prelati
1411 1625 1567 1668 tanto
1595 1617 1768 1668 meriti
1798 1618 2011 1667 maioris
2039 1623 2247 1682 quanto

327 1722 446 1755 cum
498 1722 662 1755 onere
706 1721 829 1755 cure
874 1704 1101 1771 ponderi
1151 1706 1318 1755 etiam
1372 1704 1640 1770 religionis
1685 1711 1810 1753 sunt
1855 1703 2075 1754 astricti.
2121 1745 2130 1754 .
2177 1743 2186 1753 .
2232 1740 2243 1751 .

331 1790 495 1857 Quod
537 1792 580 1841 si
616 1791 922 1857 episcopale
961 1791 1233 1856 fastigium
1281 1798 1335 1840 te
1379 1789 1626 1850 delectat,
1667 1805 1775 1838 non
1818 1796 2036 1855 propter
2074 1788 2176 1837 hoc
2216 1804 2248 1837 a

329 1878 589 1942 religione
640 1885 693 1928 te
743 1884 954 1928 avertas
977 1894 987 1939 3
1039 1876 1137 1926 nisi
1189 1876 1326 1926 forte
1376 1876 1430 1924 in
1482 1875 1659 1926 seculo
1706 1876 2046 1925 vocationem
2099 1881 2246 1924 tuam

330 1963 629 2013 decreveris
676 1978 990 2028 procurare:
1051 1962 1182 2011 alias
1233 1977 1415 2011 secure
1465 1961 1794 2027 ingrediariS,
1845 1976 2055 2010 securus
2105 1959 2250 2025 quod

330 2055 549 2114 propter
586 2047 689 2098 hoc
730 2048 878 2098 Deus
917 2063 1074 2113 super
1117 2046 1498 2097 candelabrum
1543 2062 1651 2095 non
1703 2044 1912 2095 desinet
1960 2044 2250 2095 sublimare

329 2135 616 2196 lucernam,
654 2150 814 2199 quam
855 2132 1115 2195 accendit,
1153 2134 1197 2182 si
1237 2132 1333 2183 tibi
1372 2140 1426 2183 et
1465 2131 1687 2182 ecclesie
1731 2132 1924 2181 viderit
1973 2131 2245 2197 expedire.

332 2220 448 2269 Nec
473 2220 576 2270 hoc
602 2219 724 2269 dico
749 2225 888 2269 teste
926 2218 1263 2280 conscientia,
1289 2218 1436 2284 quod
1475 2218 1706 2284 aliquem
1746 2219 1813 2268 de
1852 2217 1953 2267 hiis
1991 2215 2249 2283 religiosis

330 2306 626 2371 episcopari
654 2305 971 2366 desiderem,
999 2305 1093 2354 sed
1127 2312 1185 2354 ut
1223 2304 1576 2370 pessimorum
1616 2303 1899 2353 hominum
1939 2303 2249 2368 malignitas

329 2389 571 2442 elidatur.

441 2476 531 2526 Ad
559 2491 593 2538 4
618 2474 909 2525 dicendum
937 2475 1084 2540 quod
1113 2473 1334 2523 libertas
1361 2474 1573 2539 proprie
1600 2472 1861 2524 facultatis
1888 2483 1942 2524 et
1973 2472 2250 2524 licentiosa

332 2568 572 2628 potestas
599 2560 780 2610 multis
807 2561 990 2610 extitit
1015 2575 1178 2609 causa
1218 2559 1656 2625 precipitationiS‚
1687 2566 1740 2609 et
1781 2576 1965 2609 sensus
2004 2560 2251 2626 proprius

329 2665 490 2698 causa
517 2647 852 2698 deviationis,
892 2687 902 2696 .
944 2687 954 2697 .
997 2687 1007 2697 .
1048 2645 1398 2696 Tutissimum
1426 2647 1588 2712 igitur
1632 2654 1714 2695 est
1758 2646 1987 2696 subdere
2031 2663 2088 2696 se
2132 2662 2252 2712 pru-

332 2734 566 2784 dentiori
593 2733 711 2799 plus
737 2732 960 2783 habenti
989 2732 1057 2782 de
1084 2733 1275 2798 spiritu
1302 2731 1424 2792 Dei,
1451 2730 1573 2782 licet
1601 2731 1776 2782 minus
1804 2731 1938 2782 forte
1963 2732 2032 2782 de
2063 2731 2252 2798 spiritu

333 2819 653 2885 philosophi.
704 2859 714 2870 .
766 2860 775 2869 .
816 2859 826 2870 .
883 2818 995 2868 Nec
1045 2817 1228 2868 obstat
1278 2818 1321 2867 si
1371 2833 1481 2867 non
1533 2818 1763 2868 multum
1814 2818 2069 2879 literatuS‚
2120 2817 2250 2868 dum

333 2913 517 2957 tamen
569 2906 767 2955 virtute
819 2903 1095 2970 probatus
1140 2946 1149 2956 .
1192 2945 1202 2955 .
1247 2948 1256 2957 .
1308 2905 1560 2954 Preterea
1612 2921 1891 2969 nunquam
1942 2905 2249 2969 religiosum

333 2991 719 3042 rationabiliter
747 3000 956 3041 motum
984 2991 1053 3041 ad
1083 2991 1469 3057 predicandum
1503 2991 1613 3041 vidi
1639 3007 1670 3039 a
1696 2990 2066 3056 predicatione
2103 3006 2252 3040 coer-

335 3095 456 3130 ceri.
502 3118 513 3129 .
557 3115 567 3129 .
613 3120 622 3129 .

444 3219 579 3258 1This
615 3219 757 3258 differs
786 3219 828 3256 in
868 3219 976 3258 form
1014 3220 1121 3258 from
1160 3219 1232 3258 the
1266 3231 1448 3270 passage
1488 3219 1530 3257 in
1568 3220 1622 3257 II.
1661 3219 1747 3258 Cel.
1788 3231 1886 3268 123:
1945 3219 2105 3258 Bonav.
2142 3218 2246 3270 Leg.

336 3300 428 3337 cap.
448 3287 558 3334 viii.;
591 3287 673 3326 and
694 3287 811 3337 Spec.
836 3285 946 3337 Pers.
969 3298 1061 3337 cap.
1086 3297 1148 3335 72.
