2512 4034
372 334 468 383 182
1160 329 1491 381 PECHAM

559 485 638 538 4m
713 474 807 525 Ad
833 475 935 525 hoc
964 474 1111 541 quod
1135 474 1365 525 obicitur
1386 473 1403 502 1
1431 474 1499 524 de
1525 474 1856 535 difficultate,

363 570 471 625 450
719 560 858 611 Illud
886 559 1201 626 intelligitur
1221 559 1239 587 2
1267 561 1321 609 in
1349 560 1641 610 autoritate
1664 578 1673 609 ;

715 646 853 698 Cum
882 645 1026 696 idem
1054 646 1281 696 efficitur
1307 646 1420 713 pari
1448 648 1671 696 caritate

714 731 869 782 Alias
896 748 1004 782 non
1032 733 1277 797 sequitur
1305 731 1454 782 salua
1478 734 1717 782 veritate.

711 857 730 887 3
755 858 879 907 Hoc
904 856 1142 922 explano
1163 856 1388 922 planiuS,
1410 857 1552 922 quod
1581 865 1828 906 truncum
1857 855 2037 905 leuare
2057 853 2077 883 4

716 942 895 993 Multo
921 941 1194 992 difficilius
1220 950 1302 993 est
1327 959 1493 1008 quam
1523 959 1718 1008 panem
1744 941 1888 994 dare.

711 1028 807 1080 Set
833 1028 981 1094 quod
1009 1028 1112 1078 hoc
1139 1027 1208 1077 sit
1235 1027 1424 1078 melius
1449 1044 1559 1078 non
1587 1036 1739 1094 potes
1764 1026 2003 1094 negare,⁵

713 1114 860 1181 Quin
889 1114 957 1166 sit
976 1113 996 1143 6
1022 1113 1230 1164 mundo
1256 1115 1436 1180 potius
1464 1113 1753 1164 claustrum
1784 1111 2065 1180 regulare.⁷

572 1249 647 1303 5m
723 1238 886 1306 Quod
908 1238 1026 1307 plus
1053 1238 1222 1298 dator,
1243 1238 1446 1299 asseria
1475 1239 1620 1290 valet
1636 1239 1655 1269 8
1681 1246 1965 1305 acceptore
1986 1255 1997 1301 ;

710 1326 866 1388 Dico,
891 1325 1039 1392 quod
1066 1325 1395 1375 conuinceris
1421 1325 1695 1391 glosarum
1725 1333 1923 1386 tenore,

710 1411 932 1462 Paribus
960 1428 1067 1462 non
1096 1411 1282 1462 ceteris
1302 1410 1320 1440 9
1348 1411 1531 1461 dicunt
1557 1411 1692 1461 illud
1720 1409 1847 1473 fore,

360 1499 467 1561 460
713 1498 786 1548 Et
812 1498 888 1549 sic
918 1499 1025 1548 iam
1048 1497 1087 1528 10
1113 1496 1351 1548 abuteris
1378 1497 1620 1549 notanda
1642 1499 1682 1528 11
1713 1498 1929 1549 maiore.

553 1624 631 1674 6Ῐῃ
708 1621 748 1654 12
766 1623 934 1674 Putas
958 1623 1270 1688 vile‘petere
1295 1621 1443 1689 quod
1471 1629 1551 1672 est
1579 1623 1921 1688 resignatum.

713 1709 835 1760 Hoc
862 1709 916 1759 in
946 1708 1162 1761 Christo
1189 1725 1424 1775 paupere
1450 1708 1550 1759 fuit
1574 1709 1970 1773 exemplatum,

710 1794 818 1861 Qui
847 1795 943 1845 celi
971 1795 1247 1846 dimittere
1273 1795 1440 1845 voluit
1468 1795 1759 1861 primatum

713 1881 786 1932 Et
812 1882 975 1932 vilem
1003 1896 1278 1931 assumere
1305 1881 1662 1931 mendicantis
1685 1879 1725 1909 13
1756 1887 1969 1932 statum.

469 2015 484 2039 1
502 2013 570 2054 Ad
588 2013 691 2054 illud
714 2013 828 2066 quod
846 2013 1011 2060 dicitur,
1035 2014 1086 2053 A.
1643 2012 1659 2036 2
1677 2012 1774 2052 Hoc
1796 2011 2142 2064 subintelligitur,
2159 2013 2209 2051 A.

469 2082 485 2108 3
504 2083 547 2122 S.
567 2081 689 2122 omits
713 2081 800 2122 this
819 2085 988 2121 stanza.

467 2152 484 2176 ⁴
502 2151 587 2191 Hic
608 2157 672 2191 est
691 2151 827 2201 primo
846 2151 1010 2202 planies
1031 2150 1145 2202 quod
1165 2158 1346 2190 tractum
1368 2151 1523 2196 leuare,
1557 2149 1609 2187 D.

469 2220 484 2244 ⁵
500 2226 643 2271 potest
662 2219 824 2270 negari,
848 2219 902 2258 D.
1639 2217 1655 2242 6
1678 2217 1747 2255 Sic
1768 2224 1846 2264 est,
1872 2217 1939 2264 D.‚
1962 2217 2013 2256 A.

470 2286 485 2312 ⁷
507 2287 578 2327 Sic
607 2294 650 2327 et
678 2287 818 2327 saeclo
847 2286 1016 2338 dignius
1043 2287 1273 2326 claustrum
1303 2287 1514 2337 regulare,
1549 2286 1624 2332 B.;
1656 2285 1843 2332 introire,
1864 2285 1931 2332 A.,
1955 2284 2096 2324 which
2120 2285 2229 2324 adds
2259 2298 2286 2324 a

363 2355 453 2397 line
480 2371 548 2395 :--

902 2430 1067 2469 Mundo
1084 2437 1229 2469 tamen
1249 2429 1397 2469 fortius
1416 2435 1587 2480 oportet
1606 2436 1782 2468 certare.

470 2517 487 2543 3
502 2518 617 2558 valet
636 2518 792 2558 asseris
811 2518 943 2565 dator,
968 2520 1016 2558 A.
1655 2516 1671 2541 9
1687 2516 1805 2567 Quae
1825 2516 1991 2567 paribus
2013 2517 2177 2565 ceteris,
2209 2518 2258 2556 A.

468 2585 502 2611 1⁰
520 2585 667 2636 Igitur,
688 2586 738 2624 A.
1642 2584 1670 2608 11
1687 2585 1919 2636 glossante‚
1954 2585 1996 2623 S.

471 2669 505 2695 ¹²
517 2670 559 2710 S.
581 2669 703 2710 omits
727 2671 812 2710 this
834 2675 1004 2711 stanza.
1066 2672 1115 2711 A.
1142 2671 1298 2711 inserts
1317 2686 1384 2710 :—

795 2767 859 2806 Ex
878 2768 960 2807 hoc
981 2773 1117 2806 status
1137 2766 1266 2805 statui
1287 2777 1506 2817 nunquam
1526 2764 1801 2817 adaequatur,

796 2834 920 2886 Quod
940 2842 1062 2874 actus
1081 2834 1194 2874 actui
1214 2846 1413 2885 praeesse
1434 2833 1599 2873 dicatur
1618 2845 1627 2881 ;

797 2902 923 2942 Unde
942 2903 1087 2954 nequit
1107 2902 1226 2953 argui
1248 2901 1363 2953 quod
1383 2900 1487 2940 illud
1508 2908 1710 2953 sequatur

799 2971 854 3009 Et
873 2977 1082 3022 repugnat
1102 2970 1246 3008 sensui
1267 2969 1381 3021 quod
1401 2968 1746 3009 concludebatur.

799 3078 918 3117 Dicis
937 3078 989 3117 de
1009 3077 1232 3117 divitibus:
1271 3078 1455 3116 Possunt
1476 3077 1612 3116 multa
1634 3076 1746 3116 dare.

799 3146 936 3185 Multa
954 3146 997 3184 in
1018 3146 1274 3197 pauperibus
1294 3151 1420 3196 pacta
1438 3145 1668 3183 reformare

799 3211 997 3257 Possunt,
1019 3217 1061 3249 et
1080 3209 1123 3248 in
1144 3209 1335 3260 pluribus
1350 3209 1441 3260 jam
1461 3220 1800 3259 recompensare.

797 3275 906 3313 Sunt
925 3274 1108 3313 humiles
1129 3273 1327 3312 cordibus
1349 3280 1390 3312 et
1411 3273 1552 3311 Deum
1572 3284 1693 3311 orare

800 3339 994 3386 Discunt,
1017 3344 1058 3377 et
1075 3337 1303 3376 virtutibus
1323 3337 1488 3388 seipsos
1508 3348 1672 3375 ornare.

798 3406 934 3445 Donis
955 3405 1243 3456 spiritualibus
1262 3410 1443 3455 possunt
1462 3402 1692 3442 abundare.

371 3502 414 3541 S.
437 3500 512 3539 has
533 3500 694 3540 neither
715 3499 766 3551 of
780 3501 890 3540 these
909 3504 1085 3539 stanzas
1100 3515 1115 3546 ;
1147 3499 1193 3540 Β.
1217 3500 1314 3552 only
1338 3498 1405 3538 the
1425 3499 1575 3538 second
1603 3498 1783 3550 reading
1790 3498 1868 3550 for
1892 3498 1958 3537 the
1979 3499 2095 3539 third
2116 3501 2288 3542 lines—.-

801 3581 887 3622 Sed
907 3595 958 3622 ex
978 3581 1166 3633 pluribus
1186 3592 1391 3632 pauperes
1412 3580 1559 3619 ditare.

480 3648 515 3672 13
532 3648 806 3700 paupertatis.
827 3649 877 3687 A.
