2512 4034
729 253 1207 306 TRACTATUS
1251 255 1645 306 PAUPERIS
2077 267 2145 321 79

219 402 512 466 'imperator
542 400 724 463 [iubet]
748 418 759 461 ;
782 399 797 427 1
838 415 964 460 non,
1006 399 1246 463 inquam,
1276 398 1561 463 preferunt,
1591 400 1692 448 nisi
1733 417 1796 449 eo
1837 399 2000 449 modo
2039 416 2146 464 quo

215 488 528 552 expositum
559 494 641 536 est
667 502 828 551 supra
855 502 968 550 cap.
1000 483 1106 548 142

331 571 422 621 Ad
469 586 528 622 12
568 572 715 637 quod
753 571 901 621 stulti
941 571 1157 620 heretici
1198 571 1374 620 omnis
1419 569 1691 635 religionis
1738 571 1906 633 ignari
1952 578 2150 635 putant

222 659 654 723 superstitiosum
707 658 849 722 quod
904 657 1189 707 salubriter
1251 665 1331 706 est
1395 658 1716 716 institutum,
1767 672 1865 705 nec
1929 664 2148 721 propter

221 742 503 794 stultorum
530 744 883 793 detractiones
906 748 960 791 et
984 741 1267 807 nepharias
1294 742 1624 807 suspiciones
1645 757 1829 790 eorum
1851 741 1942 806 qui
1962 742 2149 791 dicunt

215 828 339 890 hoc,
366 830 476 880 sive
504 835 721 894 propter
747 844 942 878 vanam
969 828 1210 893 gloriam,
1238 827 1534 877 deserenda
1561 835 1686 877 sunt
1715 843 1820 892 que
1840 826 2146 892 religiosam

223 916 508 965 continent
533 913 914 967 honestatem.3

331 1001 424 1052 Ad
458 1015 516 1067 13
548 1001 897 1067 respondetur
922 1019 1017 1067 per
1044 1002 1515 1067 interemptionem
1542 1020 1551 1051 :
1592 1000 1771 1050 nullus
1811 999 1956 1049 enim
1997 1014 2149 1048 verus

226 1087 557 1139 Christianus
581 1086 785 1153 aliquid
824 1088 1078 1153 preponit
1104 1087 1209 1152 legi
1252 1088 1376 1140 Dei.
1459 1086 1668 1138 Omnes
1707 1087 1851 1136 enim
1890 1084 2152 1135 habentes

225 1172 498 1242 Christum
563 1174 616 1222 in
680 1172 1045 1233 fundamento,
1110 1174 1258 1238 quod
1320 1173 1567 1223 videntur
1629 1172 1825 1222 habere
1901 1171 2150 1237 precipue

224 1275 483 1324 pauperes
532 1258 835 1319 voluntarii,
879 1260 970 1325 qui
1015 1266 1194 1309 totum
1243 1259 1510 1309 mundum
1557 1259 1860 1324 despiciunt
1906 1261 2150 1322 respectu

225 1344 437 1406 Christi,
465 1346 556 1395 sed
583 1361 693 1395 non
719 1344 915 1395 cedunt
942 1346 995 1394 in
1023 1362 1183 1396 causa
1209 1347 1447 1396 Veritatis
1474 1347 1529 1395 in
1557 1342 1868 1394 scandalum
1898 1358 2151 1408 quorum-

224 1447 446 1496 cunque,
474 1430 686 1482 illorum
714 1433 964 1497 precipue
993 1433 1082 1497 qui
1112 1440 1401 1482 moventur
1429 1433 1609 1496 inique
1636 1431 1727 1496 qui
1749 1430 1939 1480 volunt
1959 1428 2151 1478 doctri—

223 1533 347 1566 nam
388 1518 626 1567 veritatis
666 1518 997 1582 extinguere,
1037 1516 1234 1582 quibus
1280 1515 1762 1583 improbitatibus4
1813 1516 1920 1564 suis
1965 1513 2152 1564 cedere

224 1609 362 1652 esset
388 1604 531 1652 viam
561 1603 858 1668 impietatis
884 1603 1174 1669 ampliare:
1206 1604 1396 1654 talium
1425 1601 1675 1652 scandalo
1697 1601 1881 1651 docuit
1903 1599 2152 1651 Christus

218 1704 330 1737 non
376 1688 577 1750 cedere,
628 1689 757 1740 Mat.
816 1688 948 1752 1525
999 1688 1256 1740 dixerunt
1306 1690 1451 1739 enim
1503 1688 1780 1754 discipuli:
1834 1687 1978 1736 “scis
2028 1687 2154 1751 quia

224 1774 467 1838 pharisei,
506 1774 693 1825 audito
730 1775 892 1826 verbo
932 1776 1051 1837 hoc,
1091 1776 1439 1827 scandalizati
1485 1783 1609 1825 sunt
1626 1772 1689 1824 '’?
1739 1780 1794 1823 et
1845 1772 2154 1841 respondit:

225 1861 424 1910 “sinite
450 1860 596 1910 illos:
637 1862 746 1911 ceci
774 1870 901 1912 sunt
928 1869 981 1911 et
1005 1862 1166 1912 duces
1194 1879 1444 1912 cecorum
1463 1860 1523 1913 ²³.ss

334 1945 425 1995 Ad
474 1961 536 2010 14
575 1956 629 1998 et
674 1957 732 2010 15
776 1956 925 2014 patet
964 1948 1110 2014 quod
1148 1966 1258 1999 non
1299 1966 1488 1999 omnes
1526 1953 1741 1997 utentes
1767 1945 2074 2011 eloquentia
2101 1951 2155 1994 et

224 2032 564 2098 philosophia
602 2042 842 2099 peccant,
886 2052 1010 2084 cum
1062 2034 1165 2084 hoc
1215 2036 1385 2084 sancti
1438 2033 1707 2083 fecerunt:
1762 2031 2046 2081 excusavit
2098 2046 2155 2079 se

221 2119 502 2183 apostolus
528 2137 558 2169 a
584 2121 848 2185 sapientia
873 2121 1036 2183 verbi,
1065 2138 1174 2171 non
1202 2139 1232 2171 a
1259 2120 1587 2171 scematibus
1608 2118 1935 2184 eloquentie,
1961 2116 2154 2182 quibus

222 2204 450 2269 epistole
481 2222 574 2255 sue
614 2206 862 2272 leguntur
899 2206 1226 2267 habundare,
1255 2206 1349 2257 sed
1390 2207 1563 2272 magis
1602 2222 1633 2255 a
1671 2203 1828 2254 fuco⁷
1867 2203 2151 2253 verborum

224 2290 574 2341 intrinsecum
640 2309 857 2343 sensum
923 2291 1306 2355 abscondente,
1365 2292 1560 2358 quibus
1625 2289 1933 2358 philosophi
1999 2287 2153 2339 multi

224 2375 477 2441 leguntur
515 2378 596 2428 usi
635 2377 813 2432 fuisse.

331 2462 426 2512 Ad
461 2465 522 2514 16
550 2472 700 2531 patet
725 2465 816 2515 ubi
846 2465 1131 2515 manifeste
1155 2471 1380 2532 apparet
1401 2464 1420 2493 S
1459 2481 1622 2529 quam
1656 2471 1856 2514 temere
1895 2460 2152 2527 processit

219 2546 556 2599 heresiarcha
591 2551 692 2600 iste
729 2550 822 2615 qui
862 2551 1189 2601 intentiones
1226 2551 1506 2600 hominum
1548 2549 1819 2599 iudicavit.
1896 2546 2153 2612 Amplius

224 2633 265 2682 si
295 2634 628 2685 introducere
655 2635 1053 2701 philosophiam
1076 2637 1130 2685 in
1150 2636 1470 2701 obsequium
1490 2638 1753 2701 scripture
1776 2634 1978 2685 malum
1996 2638 2149 2695 esset,

226 2733 505 2784 nunquam
533 2721 702 2770 sancti
730 2721 804 2770 sic
833 2720 1047 2771 assidue
1068 2719 1412 2786 philosophia
1432 2723 1513 2771 usi
1542 2719 1780 2782 fuissent,
1802 2736 1905 2785 que
1926 2718 2154 2785 qualiter

224 2805 394 2856 audiri
423 2806 592 2870 possit
618 2813 672 2856 et
697 2805 924 2871 qualiter
949 2824 1072 2868 non,
1098 2808 1225 2858 satis
1252 2824 1324 2857 ex
1363 2806 1654 2858 multorum
1693 2806 1945 2857 doctrinis
1984 2810 2150 2870 patet,

225 2900 279 2943 et
308 2892 559 2957 precipue
588 2891 733 2943 Dist.
764 2903 828 2959 37
847 2892 866 2922 9
904 2910 975 2942 ex
1001 2892 1369 2959 disputatione
1399 2891 1644 2943 Gratiani
1670 2911 1681 2954 3
1723 2893 1823 2942 hoc
1862 2899 2042 2942 autem
2082 2888 2150 2940 ad

334 3016 347 3040 1
365 3014 431 3067 Cf.
454 3016 564 3067 Aug.
587 3014 641 3054 ad
660 3016 890 3063 Valerium,
914 3016 1076 3068 Migne,
1098 3017 1196 3056 Pat.
1219 3017 1321 3055 Lat.
1345 3016 1484 3055 xxxiii.
1509 3016 1590 3056 col.
1616 3017 1680 3055 88.

333 3083 349 3107 2
362 3084 460 3134 Eg.
485 3082 543 3135 (in
564 3095 656 3134 cap.
678 3083 802 3136 xiv.):
835 3088 860 3105 “
876 3085 985 3124 Item
1005 3096 1084 3124 nec
1100 3091 1298 3124 tenentur
1317 3084 1466 3135 prelati
1484 3084 1538 3123 ad
1554 3084 1841 3123 obedientiam
1858 3082 2149 3123 consiliorum.

225 3152 361 3190 Immo
398 3150 584 3202 religiosi
622 3150 677 3190 ad
714 3152 994 3201 prelationem
1033 3152 1267 3191 secularem
1305 3152 1512 3202 assumpti
1552 3153 1604 3191 ab
1645 3152 1718 3190 illa
1756 3151 2012 3190 eximuntur.
2048 3180 2057 3189 .
2090 3180 2100 3188 .
2134 3180 2144 3189 .

223 3218 414 3269 Amplius
433 3230 512 3258 nec
530 3225 727 3257 tenentur
749 3218 804 3257 ad
824 3219 1030 3269 speciales
1049 3219 1210 3271 rigores
1230 3220 1466 3270 penitentie
1483 3234 1491 3266 ;
1521 3219 1636 3258 verbi
1658 3219 1808 3271 gratia,
1830 3230 1917 3258 non
1950 3225 2150 3257 tenentur

222 3287 282 3326 ire
304 3285 547 3325 discalceati
563 3285 602 3324 ”.

333 3354 348 3378 3
363 3354 444 3392 See
465 3360 566 3392 note
586 3360 630 3391 at
650 3351 733 3391 end
753 3353 802 3391 of
815 3353 1003 3404 chapter.

333 3423 348 3446 4
364 3422 414 3461 O.
437 3422 479 3460 in
501 3421 881 3473 prosperitatibus;
912 3435 990 3462 om.
1013 3422 1261 3473 impietatis.
1467 3423 1482 3447 5
1501 3423 1607 3461 Mat.
1631 3436 1696 3461 xv,
1722 3434 1783 3462 12.

333 3491 348 3513 ‘³
368 3491 415 3528 Β.
439 3490 544 3528 adds
564 3489 693 3542 afew
717 3490 981 3542 words-from
1005 3491 1134 3543 Greg.
1158 3504 1282 3542 super
1305 3491 1462 3530 Ezeeh.
1485 3491 1658 3529 homilia
1677 3490 1745 3529 vii.

336 3557 351 3582 7
369 3558 418 3595 O.
451 3569 529 3596 suo
551 3570 692 3597 sensu.
1472 3557 1488 3583 3
1506 3559 1555 3598 Β.
1582 3558 1694 3597 Hinc
1715 3566 1892 3610 apparet
1911 3558 2151 3599 manifeste.

344 3625 543 3665 9Decreti
566 3626 680 3665 Pars.
705 3626 736 3664 Ι.
762 3625 872 3665 Dist.
897 3626 1046 3665 xxxvii.
1068 3638 1103 3665 c.
1127 3627 1164 3665 8.
