2512 4034
738 269 1060 322 CONTRA
1101 269 1594 321 KILWARDBY
2030 287 2124 340 133

206 430 421 479 semper
447 413 637 479 legitur
663 413 731 464 de
755 414 871 463 aliis
891 414 1151 478 recepisse
1179 414 1394 474 victum,
1413 414 1612 465 scilicet
1633 414 1688 465 in
1717 416 1915 467 mensis
1941 417 2128 468 alienis

205 507 263 550 et
309 499 377 550 de
415 506 724 550 sanctarum
769 499 1052 550 mulierum
1092 499 1391 566 impendiiS‚
1432 516 1536 566 que
1573 517 1695 551 cum
1737 502 1855 568 ipso
1895 504 2125 569 patriam

210 584 520 647 circuibant,
557 592 616 636 ut
653 602 813 652 supra
842 586 1018 636 visum
1045 593 1139 636 est.
1219 585 1431 636 Habuit
1456 593 1642 637 autem
1670 586 1875 638 loculos
1900 598 2122 655 propter

206 671 350 723 duo:
391 672 624 739 primum
665 679 748 721 est
783 668 1278 739 conso-[29r]-latio
1317 671 1664 734 infirmorum,
1711 674 2004 725 secundum
2050 683 2132 726 est

211 757 520 808 informatio
581 757 963 824 perfectorum.
1080 757 1339 819 Primum,
1400 758 1637 824 inquam,
1699 766 1785 809 est
1832 760 2133 812 consolatio

215 844 582 894 infirmorum:
634 843 780 894 unde
843 842 972 894 dicit
1033 842 1213 908 glossa
1263 860 1424 910 super
1472 843 1601 894 illud
1655 844 2006 911 “producens
2057 846 2133 897 fe-

211 946 339 980 num
404 929 708 990 iumentiS,''
776 929 917 995 quod
980 929 1170 980 habuit
1234 929 1434 980 loculos
1496 930 1935 982 condescendens
1986 932 2130 983 infir-

213 1017 343 1076 mis;
385 1024 440 1066 et
483 1015 650 1081 Hugo
689 1015 756 1065 de
796 1015 848 1067 S.
890 1015 1114 1066 Victore
1151 1033 1312 1082 super
1352 1015 1485 1066 illud
1523 1016 1716 1083 psalmi
1762 1018 2009 1069 “bonum
2055 1027 2138 1070 est

207 1101 449 1152 confiteri
491 1101 733 1152 Domino
748 1098 775 1118 ''
818 1100 950 1152 dicit
994 1101 1233 1152 “habuit
1274 1101 1516 1154 Christus
1556 1102 1758 1153 loculos
1797 1103 2137 1155 conformans

207 1204 268 1237 se
295 1187 618 1253 imperfectis
639 1186 703 1249 ”3
743 1195 797 1237 et
825 1186 1165 1252 Augustinus
1205 1205 1366 1254 super
1402 1187 1485 1254 Jo.
1516 1187 1698 1239 omilia
1736 1191 1822 1253 48,
1853 1189 2139 1241 “habebat

214 1273 484 1323 Dominus
511 1271 712 1323 loculos
732 1279 792 1323 ut
813 1271 1029 1324 doceret
1049 1290 1158 1323 non
1175 1290 1292 1324 esse
1311 1281 1596 1340 peccatum
1617 1273 1633 1302 1
1662 1274 1862 1325 habere
1881 1275 2084 1327 loculos
2099 1274 2139 1326 ”.

212 1358 354 1408 Ecce
381 1357 639 1424 perfectio
664 1357 732 1409 de
758 1375 866 1424 qua
889 1358 1160 1424 gloriaris!
1194 1359 1484 1410 Infirmitas
1502 1368 1585 1410 est
1603 1361 1621 1390 2
1649 1361 1701 1410 in
1726 1377 1834 1427 qua
1860 1379 1891 1411 a
1918 1367 2138 1427 peccato

205 1445 493 1497 excusaris,
571 1443 735 1494 Forte
771 1442 917 1494 dices
956 1444 1292 1495 infirmorum
1332 1447 1495 1496 etiam
1536 1462 1652 1496 esse
1688 1448 1868 1497 vivere
1906 1446 1974 1497 de
2004 1447 2137 1497 cibis

206 1529 410 1581 alienis,
493 1529 655 1582 Unde
681 1528 1025 1596 Augustinus
1051 1547 1213 1596 super
1238 1530 1368 1581 illud
1396 1530 1588 1596 psalmi
1625 1545 1719 1596 103
1755 1535 1780 1557 “
1797 1532 2099 1598 producens
2119 1530 2139 1560 ²³

213 1613 394 1666 fenum
433 1615 687 1666 iumentis
704 1614 728 1635 '’
768 1615 930 1666 dicit:
973 1620 996 1642 ‘⁴
1019 1616 1231 1666 Habuit
1270 1616 1525 1668 dominus
1566 1617 1767 1668 loculos
1788 1636 1799 1677 ;
1839 1624 1893 1668 et
1931 1619 2138 1669 dictum

208 1709 292 1752 est
331 1701 398 1752 de
434 1701 759 1768 quibusdam
800 1701 1010 1753 seminis
1055 1702 1317 1768 religiosis
1358 1703 1504 1769 quod
1552 1702 1935 1755 ministrabant
1978 1704 2027 1755 ei
2071 1703 2141 1754 de

208 1787 513 1838 substantia
550 1805 646 1838 sua
662 1786 701 1838 '’.
783 1787 856 1838 Et
894 1787 1060 1837 infra:
1103 1791 1201 1838 “et
1239 1789 1365 1854 quia
1405 1788 1563 1839 multi
1603 1789 1800 1840 infirmi
1840 1791 1942 1841 ista
1968 1790 2141 1856 quesi-

209 1873 318 1925 turi
366 1879 532 1936 erant,
582 1875 755 1939 magis
806 1873 1143 1925 infirmorum
1207 1890 1494 1941 personam
1548 1876 1783 1942 suscepit
1836 1875 2081 1928 Christus
2098 1873 2141 1928 ''.

217 1960 335 2011 Hec
362 1957 719 2025 Augustinus,
798 1959 870 2009 Et
910 1965 1061 2025 patet
1089 1959 1376 2025 responsio.
1455 1959 1539 2010 Illi
1566 1962 1708 2012 enim
1737 1962 1829 2027 qui
1859 1962 2047 2012 vivunt
2072 1961 2141 2012 de

208 2044 343 2096 cibis
369 2045 574 2106 alieniS,
605 2044 799 2096 infirmi
826 2053 951 2096 sunt
989 2053 1230 2112 respectu
1271 2045 1443 2108 Pauli,
1473 2047 1564 2112 qui
1603 2048 1746 2098 vixit
1785 2046 1854 2098 de
1894 2047 2142 2098 manibus

210 2132 337 2194 suiS,
364 2140 423 2182 ut
451 2138 601 2198 patet
627 2131 701 2181 ibi
728 2148 800 2181 ex
826 2131 1297 2197 consequentibus
1376 2131 1600 2184 Certum
1627 2141 1710 2184 est
1748 2140 1930 2184 autem
1949 2136 1969 2164 4
1997 2134 2142 2200 quod

212 2218 477 2269 infirmius
513 2225 596 2268 est
633 2225 688 2269 et
726 2217 1078 2284 propinquius
1116 2217 1378 2284 superbie,
1404 2219 1635 2270 avaricie
1673 2227 1727 2270 et
1753 2219 1980 2279 lascivie,
2006 2220 2144 2271 velle

214 2305 389 2355 vivere
426 2303 495 2354 de
534 2303 779 2369 deposito
816 2303 914 2354 sibi
962 2303 1253 2367 recondito,
1302 2321 1469 2370 quam
1516 2303 1652 2355 velle
1694 2304 1900 2357 nullum
1946 2305 2144 2357 habere

215 2390 523 2456 temporalis
561 2388 790 2440 dominii
832 2388 1205 2441 fulcimentum
1227 2408 1238 2448 ;
1279 2407 1468 2441 aurum
1491 2390 1509 2420 ⁵
1548 2399 1602 2442 et
1640 2399 1926 2457 argentum
1967 2407 2142 2442 recon-

217 2475 393 2526 ditum
435 2474 598 2525 allicit
640 2492 736 2542 pre
786 2475 974 2526 ceteris
1019 2475 1445 2542 possessionibus
1495 2477 1740 2528 animos⁶
1787 2477 2141 2538 infirmorum,

216 2569 437 2628 propter
462 2560 609 2627 quod
637 2561 910 2612 Dominus
935 2562 1196 2628 apostolis
1222 2561 1290 2612 ad
1319 2562 1708 2628 predicandum
1738 2564 1914 2614 missis
1946 2562 2145 2615 loculos

218 2655 434 2714 portare
473 2645 747 2713 prohibuit
785 2655 839 2697 et
875 2648 945 2697 de
982 2647 1167 2698 alienis
1206 2647 1340 2698 cibis
1378 2648 1618 2700 eisdem⁷
1656 2650 1832 2700 vivere
1856 2650 2143 2701 concessit.

223 2731 305 2783 Illi
343 2733 569 2799 insuper,
595 2732 686 2799 qui
725 2733 940 2799 spiritus
979 2733 1373 2800 plenitudinem
1414 2751 1523 2785 non
1563 2735 1766 2786 habent
1805 2752 1924 2786 cum
1956 2735 2142 2796 Paulo,

218 2818 506 2886 perfectius
531 2818 735 2870 faciunt
762 2817 1037 2870 laboribus
1065 2836 1121 2870 se
1146 2821 1451 2871 exercendo
1470 2820 1834 2887 spiritualibus
1854 2838 1952 2886 pro
1972 2821 2144 2873 salute

217 2904 473 2966 fidelium,
498 2904 568 2955 ab
594 2905 670 2955 eis
687 2904 706 2934 8
731 2905 1040 2972 recipiendo
1065 2906 1177 2957 vite
1205 2906 1520 2967 necessaria,
1550 2914 1609 2957 ut
1636 2915 1816 2957 vectes
1849 2906 2146 2957 secundum

216 2990 526 3041 doctrinam
579 2990 813 3056 Moysy⁹
863 3007 1077 3057 semper
1125 2991 1230 3042 sint
1280 2992 1333 3041 in
1385 2992 1542 3042 arche
1590 2992 1810 3053 circulis
1863 3009 2028 3058 quam
2081 2993 2144 3054 si,

220 3075 458 3126 dimissis
483 3075 568 3125 vel
595 3076 907 3127 notabiliter
933 3076 1213 3127 diminutis
1241 3077 1602 3144 spiritualibus
1641 3079 1925 3139 exercitiiS‚
1956 3077 2147 3129 labori-

223 3161 324 3212 bus
361 3177 419 3211 se
457 3161 817 3228 corporalibus
855 3163 1262 3227 impenderent;
1285 3168 1303 3197 ⁵
1354 3180 1452 3213 nec
1491 3165 1606 3229 ipse
1657 3164 1822 3213 etiam
1877 3163 2148 3214 Dominus

223 3247 418 3313 legitur
435 3263 672 3312 unquam
694 3247 1088 3312 stipendialiter
1107 3247 1399 3299 laborasse.
1480 3248 1731 3300 Secunda
1750 3250 1887 3299 ratio
1907 3248 2146 3299 habendi

334 3390 348 3414 1
363 3397 595 3442 peccatum,
619 3390 669 3430 B.
686 3402 695 3437 ;
726 3398 898 3439 rectum,
918 3391 970 3430 A.
1181 3392 1197 3417 2
1213 3399 1291 3439 est,
1314 3405 1390 3431 om.
1413 3393 1462 3430 B.
1665 3392 1681 3417 3
1695 3391 1901 3443 producit,
1920 3394 1971 3432 A.

334 3458 351 3482 4
365 3465 524 3504 tamen,
549 3458 597 3498 B.
1185 3459 1200 3483 ⁵
1216 3460 1358 3507 etiarn,
1379 3460 1479 3498 add.
1504 3460 1554 3500 Β.
1668 3459 1684 3484 ⁶
1701 3458 1868 3499 assidue
1887 3460 2069 3508 animos,
2093 3460 2145 3499 B.

338 3525 354 3551 ⁷
369 3526 445 3574 eis,
468 3527 517 3564 B.
1181 3525 1265 3566 8ab
1285 3527 1400 3577 ipsis,
1425 3527 1475 3566 B.

336 3592 352 3618 ⁹
370 3593 513 3644 Moysi
534 3593 582 3632 B.
605 3605 614 3640 ;
643 3592 701 3645 cf.
725 3593 857 3633 Exod.
879 3607 971 3634 xxv.
996 3605 1059 3642 13.
1173 3593 1208 3618 ¹⁰
1221 3594 1487 3645 impedirent,
1508 3594 1559 3632 A.
