2512 4034
310 311 409 360 106
1081 309 1415 361 PECHAM

417 451 569 517 θιε(73)
614 453 701 506 fol.
736 464 821 518 52,
849 454 944 506 001.
982 469 1026 506 1.
1063 454 1318 516 Queritur
1344 455 1408 505 de
1437 454 1720 505 animabus
1733 456 2085 519 parvulorum
2116 457 2231 506 sine

301 541 555 607 baptismo
606 543 969 606 decedentium,
1024 553 1206 594 utrum
1258 545 1468 610 possint
1519 560 1706 593 vacare
1758 544 2103 594 intellectuali
2151 545 2229 594 in-

301 630 593 697 quisicioni.

416 717 566 786 ῗῖε(74)
606 721 738 773 Ibid.
774 721 1031 784 Queritur
1063 722 1214 772 iuxta
1252 721 1346 772 hoc
1381 723 1443 772 de
1480 721 1770 787 corporibus
1806 722 2231 787 dampnatorum,

298 817 477 859 utrum
505 810 562 859 in
588 811 766 861 eadem
781 819 940 876 parte
951 811 1162 876 possint
1172 812 1302 877 pati
1324 829 1359 860 a
1385 810 1738 876 qualitatibus
1764 810 2057 862 contrariis,

418 898 569 965 ἐκ(75)
608 901 743 953 Ibid.
789 902 1068 964 Quesitum
1110 910 1187 952 est
1222 902 1286 952 de
1321 901 1621 952 substantia
1661 901 1939 967 composita
1964 900 2145 966 primo
2173 898 2235 948 de

290 990 675 1055 pertinentibus
714 992 793 1042 ad
831 1009 1007 1042 omnes
1052 992 1108 1041 in
1145 991 1400 1057 generali,
1443 991 1663 1040 secundo
1708 998 1965 1056 quantum
2010 988 2089 1039 ad
2126 988 2234 1052 dif-

286 1080 583 1144 ferenciam
622 1089 859 1131 statuum
901 1082 959 1131 in
997 1081 1225 1147 speciali.
1311 1079 1465 1132 Circa
1490 1080 1736 1146 primum
1776 1086 2071 1146 queruntur
2107 1077 2233 1128 tria.

302 1169 557 1219 Primum
599 1171 735 1220 ratio
772 1171 870 1234 dei,
897 1171 1180 1221 secundum
1218 1170 1355 1220 ratio
1390 1170 1547 1220 liberi
1578 1169 1809 1232 arbitrii,
1838 1168 2056 1219 tertium
2098 1167 2236 1217 ratio

289 1260 541 1325 proximi.
620 1260 876 1310 Primum
915 1268 993 1310 est
1029 1268 1211 1311 utrum
1251 1277 1315 1309 ex
1352 1260 1530 1310 eadem
1575 1259 1797 1310 caritate
1834 1257 2236 1323 multiplicando

307 1349 437 1399 bona
476 1359 626 1415 opera
666 1350 724 1399 in
755 1367 957 1416 genere,
999 1350 1184 1401 liabitu
1232 1368 1332 1401 non
1380 1358 1640 1412 crescente,
1669 1350 1842 1416 possit
1883 1348 2084 1415 aliquis
2109 1348 2239 1414 plus

309 1439 502 1488 mereri
524 1439 586 1489 de
598 1439 780 1505 primo
804 1439 1161 1491 substantiali.

422 1524 574 1592 91ε(76)
624 1529 714 1581 fol.
760 1541 845 1594 52,
884 1529 984 1581 001.
1032 1544 1080 1582 2.
1130 1529 1386 1592 Queritur
1418 1530 1481 1579 de
1517 1529 1773 1580 secundo:
1814 1537 1994 1579 utrum
2029 1527 2245 1593 aliquid

305 1626 430 1683 opus
466 1618 541 1668 sit
584 1617 890 1686 indfferens
914 1619 1193 1685 procedens
1229 1638 1263 1669 a
1302 1621 1571 1670 voluntate
1608 1619 1952 1669 deliberativa
1993 1626 2043 1668 et
2079 1624 2240 1667 osten-

306 1707 456 1757 ditur
477 1708 618 1773 quod
634 1709 722 1760 sic.

424 1794 516 1861 *(7
524 1801 576 1861 7)
614 1797 699 1850 fol.
735 1809 820 1862 52,
851 1798 948 1849 001.
983 1812 1030 1863 3.
1067 1798 1324 1860 Queritur
1346 1799 1409 1848 de
1436 1798 1586 1848 tercio
1615 1798 1750 1848 ratio
1771 1797 2023 1863 proximi,
2052 1797 2108 1846 in
2135 1814 2240 1862 qua

309 1895 490 1937 utrum
529 1887 687 1937 liceat
721 1886 929 1938 liomini
965 1888 1091 1938 dare
1128 1887 1466 1938 hereditatem
1506 1906 1660 1938 suam
1704 1888 1966 1938 extraneis
1994 1895 2044 1936 et
2078 1894 2238 1936 osten-

310 1977 461 2027 ditur
482 1978 621 2042 quod
640 1995 752 2028 non.

426 2066 577 2131 ἢιε(78)
627 2066 761 2118 Ibid.
808 2066 1063 2129 Queritur
1103 2065 1285 2117 deinde
1325 2067 1386 2117 de
1412 2066 1796 2133 pertinentibus
1839 2066 1917 2116 ad
1949 2065 2240 2115 doctrinam

309 2164 561 2207 statuum.
641 2156 832 2207 Primo
888 2165 1147 2222 quantum
1209 2156 1288 2206 ad
1335 2165 1535 2206 statum
1581 2157 1923 2222 prelatorum.
2006 2154 2242 2206 Secundo

312 2253 569 2311 quantum
605 2246 683 2295 ad
713 2254 912 2296 statum
948 2247 1420 2311 conteniolatorum,
1460 2247 1613 2296 tercio
1648 2253 1904 2311 quantum
1935 2244 2014 2294 ad
2038 2252 2239 2294 statum

310 2335 616 2387 activorum.
687 2334 841 2387 Circa
891 2344 1091 2386 statum
1132 2337 1463 2402 prelatorum
1517 2336 1776 2402 quesitum
1830 2343 1907 2384 est
1951 2334 2133 2400 primo
2186 2333 2242 2382 in

303 2425 558 2491 generali,
612 2425 797 2475 deinde
841 2425 897 2474 in
947 2426 1174 2490 speciali.
1222 2425 1258 2474 J
1255 2442 1289 2474 n
1333 2425 1582 2491 generali
1629 2425 1890 2490 quesitum
1936 2431 2012 2473 est
2061 2431 2242 2473 utrum

313 2515 501 2565 melius
525 2515 600 2564 sit
610 2514 841 2580 prelatis
864 2514 1148 2564 sollicitari
1172 2515 1307 2564 circa
1335 2513 1826 2580 multiplicationem
1855 2512 2242 2578 temporalium,

313 2613 409 2654 aut
449 2604 732 2655 insistendo
773 2621 906 2666 cure,
949 2603 1259 2670 temporalia
1298 2603 1483 2655 liabita
1524 2604 1837 2670 dispensare,
1876 2612 1926 2653 et
1958 2602 2248 2653 ostenditur

313 2694 454 2760 quod
459 2695 704 2760 primum
731 2694 805 2744 sit
829 2694 1030 2745 melius.

436 2787 546 2848 (79)
594 2784 679 2835 fol.
715 2795 800 2848 52,
827 2784 924 2835 001.
948 2799 1000 2847 4.
1049 2783 1304 2846 Queritur
1328 2784 1384 2833 in
1403 2783 1620 2849 speciali
1642 2784 1705 2833 de
1742 2791 1884 2832 statu
1899 2783 2242 2848 prelatorum.

315 2874 506 2923 Primo
533 2882 791 2939 quantum
819 2873 896 2923 ad
915 2874 1177 2939 episcopos,
1203 2873 1419 2922 secundo
1446 2881 1704 2939 quantum
1733 2872 1810 2921 ad
1830 2870 2246 2935 archydiaconos,

316 2963 464 3013 tertio
491 2972 749 3029 quantum
777 2963 857 3012 ad
862 2963 1185 3028 presbiteros.

433 3053 583 3117 *(80)
633 3052 767 3104 Ibid.
821 3052 973 3104 Circa
1012 3053 1259 3117 primum
1311 3052 1625 3117 querebatur
1673 3050 1813 3116 quod
1856 3050 2016 3100 etiam
2071 3047 2248 3114 tangit

320 3142 592 3206 inferiores
629 3143 877 3208 prelatos,
930 3150 1110 3192 utrum
1161 3141 1355 3191 scilicet
1405 3141 1458 3191 si
1505 3141 1760 3207 episcopus
1818 3138 2033 3189 mandet
2085 3136 2251 3187 alicui

318 3231 576 3281 sacerdoti
598 3240 659 3281 ut
685 3232 1029 3281 excomunicet
1061 3231 1231 3293 illum,
1268 3230 1473 3296 quando
1505 3231 1611 3296 ipse
1641 3229 1789 3279 novit
1821 3236 1920 3278 aut
1943 3234 2140 3293 reputet
2170 3226 2248 3274 in-

322 3329 577 3370 nocentem
606 3330 656 3371 et
687 3320 782 3371 lioc
813 3321 949 3371 idem
984 3329 1189 3387 reputat
1217 3321 1501 3371 multitudo
1523 3318 1813 3386 parrocliye
1855 3316 2145 3377 sacerdotis,
2178 3315 2254 3363 ad

322 3407 414 3458 hoc
436 3418 674 3460 teneatur
696 3410 895 3461 obedire
919 3410 1155 3460 sacerdos
1181 3418 1231 3460 et
1254 3410 1546 3460 ostenditur
1568 3409 1709 3475 quod
1728 3425 1841 3458 non.

438 3498 588 3565 ÷²÷(81)
629 3499 716 3550 fol.
767 3510 850 3563 53,
878 3500 978 3550 001.
1034 3514 1077 3550 Ι.
1126 3498 1381 3561 Queritur
1422 3499 1485 3548 de
1524 3497 1897 3563 archydiacono
1938 3494 2034 3560 qui
2070 3492 2253 3557 recipit

309 3586 654 3651 palafredum
681 3597 782 3652 pro
822 3588 1177 3638 installatione
1215 3587 1433 3649 abbatis,
1468 3605 1539 3637 an
1580 3587 1719 3637 licite
1739 3584 1920 3650 possit,
1958 3590 2008 3632 et
2043 3580 2253 3631 videtur

323 3675 462 3741 quod
481 3693 592 3727 non.
