2512 4034
407 330 810 381 DEFENSIO
854 327 1245 379 FRATRUM
1289 327 1927 379 MENDICANTIUM
2028 329 2118 379 181

563 475 688 524 Non
716 491 772 523 es
801 472 984 523 Adam
1013 470 1279 531 sancti0r‚1
1310 471 1497 521 fortior
1517 472 1534 500 2
1565 469 1877 536 Sampsone‚

563 558 612 608 N
618 576 678 608 ec
698 558 716 586 3
744 557 928 608 Dauid
955 557 1215 617 deuotior‚
1244 556 1414 606 maior
1443 555 1752 616 Salomone,

563 643 822 710 Quisquis
847 644 907 693 fit
934 643 1165 693 deterior
1195 643 1245 691 in
1275 643 1639 707 temptacione
1662 657 1671 701 ;

564 728 858 796 Quomodo
887 736 944 778 tu
974 727 1187 778 stultior
1207 726 1227 754 4
1255 727 1398 777 sistis
1423 727 1477 775 in
1505 731 1722 792 agone?

563 896 581 926 ⁵
604 893 662 944 Si
690 893 708 922 6
728 894 860 943 velis
888 893 958 943 de
984 909 1182 960 genere
1207 910 1324 943 esse
1352 901 1408 942 tu
1432 892 1450 921 ⁷
1475 892 1753 953 victorum,

564 981 636 1030 Et
661 997 757 1046 per
781 980 925 1029 viam
957 995 1176 1045 pergere
1203 986 1416 1044 patrum
1443 978 1831 1042 antiquorum,S

566 1064 814 1131 Expedit
840 1064 1093 1114 excidere
1114 1063 1133 1092 9
1159 1080 1346 1114 causas
1375 1070 1736 1129 peccatorum,

214 1168 321 1218 440
568 1152 642 1201 Et
670 1151 905 1201 multum
929 1150 968 1179 10
999 1158 1239 1200 metuere
1265 1150 1575 1201 conflictum
1606 1165 1804 1199 eorum.

415 1329 491 1369 2m
570 1317 746 1367 Dicis:
789 1318 934 1382 quod
964 1325 1044 1367 est
1072 1315 1274 1367 nubere
1303 1315 1494 1366 melius
1516 1316 1557 1346 11
1587 1331 1753 1380 quam
1781 1315 1858 1364 uri
1883 1333 1892 1362 ε

556 1402 685 1453 Non
714 1410 794 1453 est
823 1419 1011 1453 sensus
1041 1402 1193 1452 litere
1219 1404 1367 1469 quod
1396 1403 1503 1452 sint
1529 1402 1651 1467 plus
1679 1402 1849 1451 securi
1872 1416 1883 1461 3

567 1490 607 1519 12
628 1489 725 1541 Set
756 1488 956 1539 Paulus
982 1487 1097 1539 vult
1125 1488 1319 1551 dicere,
1349 1486 1496 1554 quod
1525 1486 1730 1538 vadant
1757 1486 1978 1552 nupturi

569 1576 677 1642 Qui
706 1576 899 1625 nolunt
923 1577 963 1606 13
990 1578 1258 1641 attingere
1284 1575 1517 1641 gradum
1548 1573 1724 1624 cordis
1752 1573 1887 1639 puri.

421 1756 495 1808 3m
573 1743 615 1775 14
637 1741 816 1791 Dicis:
857 1740 1101 1792 Christus
1128 1741 1347 1790 veniens
1374 1740 1529 1790 sicud
1558 1756 1656 1789 nos
1681 1737 1914 1790 viuebat.

569 1828 952 1893 Respondetur
973 1846 982 1877 ε
1007 1825 1046 1856 15
1082 1825 1333 1893 quotiens
1361 1826 1454 1876 illa
1480 1824 1730 1884 faciebat,

571 1912 807 1963 infirmis
836 1915 1176 1979 compatiens
1203 1913 1524 1978 exemplum
1548 1912 1588 1943 16
1615 1912 1888 1978 prebebat,

567 2000 646 2051 Vt
672 2008 789 2050 erat
815 2000 1118 2065 expediens
1143 1998 1248 2049 illis
1277 2015 1416 2065 quos
1442 1996 1733 2049 docebat.1⁷

328 2154 343 2179 1
363 2154 422 2193 Es
443 2152 580 2192 Adam
601 2152 835 2199 coelestior,
858 2153 908 2191 A.
1349 2151 1366 2176 2
1382 2164 1461 2191 nec
1482 2151 1642 2199 fortior,
1665 2152 1719 2191 D.

329 2221 345 2247 3
363 2222 478 2268 Non,
502 2221 547 2259 C.
567 2232 576 2268 ;
610 2221 682 2268 Es,
703 2221 781 2266 A.;
812 2221 911 2268 Aut,
935 2221 978 2260 S.
1352 2220 1368 2244 4
1383 2219 1464 2266 Tu,
1489 2232 1574 2271 quo
1593 2218 1721 2259 modo
1735 2219 1891 2270 junior,
1913 2218 1962 2257 A.

328 2289 343 2313 5
366 2290 409 2328 S.
432 2287 556 2328 omits
579 2287 661 2326 this
677 2291 849 2327 stanza.
990 2288 1006 2312 ὃ
1027 2300 1145 2339 ergo,
1167 2288 1219 2329 A.
1354 2287 1370 2312 7
1386 2294 1433 2326 tu
1453 2299 1562 2333 esse,
1587 2288 1633 2326 C.
1652 2299 1661 2334 ;
1691 2287 1756 2325 vis
1777 2298 1883 2333 esse,
1906 2286 1957 2324 A.

330 2355 347 2381 8
369 2356 424 2394 Et
445 2368 532 2395 non
553 2356 615 2394 vis
637 2355 894 2406 praecellere
913 2356 998 2394 vim
1019 2363 1186 2406 patrum
1208 2362 1470 2402 sanctorum,
1500 2355 1549 2394 A.

332 2424 348 2448 9
372 2424 562 2463 Deberes
583 2423 768 2471 eradere,
789 2424 840 2461 A.
860 2435 868 2470 ;
904 2422 1047 2462 Debes
1068 2435 1236 2474 semper
1257 2423 1421 2474 fugere,
1443 2423 1492 2462 Β.

333 2491 369 2516 1⁰
386 2491 541 2539 minus,
564 2491 614 2532 B.
1351 2490 1385 2515 11
1402 2490 1553 2531 melius
1575 2489 1746 2536 nubere,
1770 2489 1822 2529 D.

330 2559 367 2584 12
381 2561 431 2599 A.
453 2558 602 2598 inserts
624 2573 652 2597 α
673 2558 757 2598 line
775 2575 844 2598 :-

765 2654 931 2706 Quibus
953 2655 1056 2694 libet
1076 2655 1250 2702 nubere,
1273 2655 1380 2694 alias
1401 2654 1551 2699 arsuri.

228 2751 280 2790 B.
304 2750 428 2790 reads
449 2749 635 2802 licetfor
658 2749 774 2789 libet.

333 2818 369 2844 ¹3
381 2818 546 2866 volunt,
570 2819 623 2857 D.

334 2886 370 2912 14
386 2888 437 2926 A.
459 2888 548 2926 and
570 2887 621 2926 B.
643 2885 778 2926 insert
796 2902 864 2926 .·--

663 2981 815 3021 Multis
837 2981 978 3033 gravis
999 2981 1182 3021 creditur
1202 2988 1342 3021 status
1363 2980 1590 3020 castitatis.

662 3049 748 3089 Sed
767 3049 906 3089 facilis
926 3048 1113 3089 redditur
1134 3048 1422 3088 assuescendo
1444 3048 1550 3087 satis

664 3118 720 3156 Et
740 3125 886 3170 gratus
906 3117 1086 3158 efficitur
1106 3118 1205 3156 viris
1226 3117 1475 3168 temperatis
1493 3129 1501 3161 ;

663 3186 731 3232 Et,
753 3193 800 3225 ut
823 3186 978 3224 Paulus
999 3185 1200 3237 loquitur,
1222 3185 1371 3224 doctor
1392 3184 1600 3229 veritatis,

663 3253 860 3293 Christus
880 3260 923 3293 et
942 3253 1200 3304 compatitur
1222 3260 1262 3292 et
1284 3254 1398 3291 favet
1419 3252 1608 3297 tentatis,

664 3321 756 3360 Nee
774 3328 943 3361 tentans
963 3319 1272 3373 transgreditur
1293 3326 1430 3360 metas
1451 3319 1638 3370 pietatis.

344 3418 380 3443 15
398 3418 666 3470 Responde0‚
688 3420 739 3459 A.
1385 3417 1420 3443 16
1436 3418 1567 3458 talem
1588 3430 1646 3464 se,
1672 3417 1723 3455 A.

338 3486 373 3510 17
389 3487 438 3525 A.
464 3486 622 3526 inserts
644 3503 713 3527 :—

667 3583 858 3622 Desertis
878 3583 1067 3622 esuriens
1088 3583 1301 3633 perfectos
1321 3582 1526 3621 monebat

673 3649 759 3689 Sed
780 3649 833 3689 de
854 3649 1014 3700 templo
1036 3649 1203 3701 fugiens
1223 3647 1414 3690 infirmos
1433 3647 1619 3688 fovebat.
