2512 4034
773 274 1098 329 CONTRA
1139 271 1635 326 KILWARDBY
2064 281 2155 317 101

358 423 471 490 (15)
512 423 601 474 fol.
638 434 721 487 15,
759 421 861 473 col.
907 435 952 471 2.
1000 418 1255 481 Queritur
1272 425 1454 466 utrum
1510 424 1689 480 corpus
1719 412 1923 465 Christi
1945 411 2169 461 existens

232 511 329 561 sub
378 521 704 562 sacramento
743 512 817 561 sit
852 509 1061 560 visibile
1100 507 1167 558 ab
1207 507 1347 556 oculo
1386 503 1648 570 corporali
1673 503 1905 569 glorioso
1945 501 2031 550 vel
2066 517 2167 549 non

227 601 475 668 gloriosO,
504 610 554 652 et
576 602 867 652 ostenditur
891 600 1031 666 quod
1052 615 1171 649 non.

352 692 468 758 (16)
508 692 596 742 fol.
646 702 729 755 15,
757 691 854 741 001.
896 704 945 752 4,
991 686 1250 751 Queritur
1271 684 1571 751 specialiter
1598 700 1670 732 an
1707 679 1955 733 Christus
1991 678 2172 728 videat

232 798 288 831 se
314 789 364 830 et
387 782 680 831 ostenditur
703 781 845 846 quod
865 796 980 830 non.

349 871 463 938 (17)
505 872 591 922 fol.
641 871 720 932 16,
762 870 859 921 001.
914 884 963 932 4.
1022 867 1278 930 Queritur
1315 873 1497 915 utrum
1549 860 1849 913 substantia
1874 859 2042 925 panis
2081 857 2173 907 ad-

237 959 521 1010 nichiletur
542 968 593 1010 et
614 960 755 1026 quod
776 977 877 1009 non
891 957 1149 1025 probatio.

352 1051 467 1117 (18)
508 1050 597 1102 fol.
646 1042 728 1111 18,
769 1049 865 1100 001.
916 1063 956 1099 Ι.
1002 1047 1259 1110 Queritur
1300 1053 1483 1095 utrum
1512 1041 1682 1109 panis
1733 1045 2070 1090 convertatur
2120 1036 2177 1085 in

239 1151 422 1206 corpus
452 1140 660 1192 Christi
681 1140 851 1191 subito
878 1147 978 1190 aut
1001 1137 1295 1189 successive.

354 1232 469 1298 (19)
510 1231 599 1282 fol.
662 1234 744 1293 18,
797 1231 894 1281 col.
951 1245 1000 1294 4.
1061 1228 1320 1291 Queritur
1369 1227 1432 1276 de
1472 1221 1745 1291 preceptis,
1801 1218 1990 1286 quibus
2029 1216 2180 1266 bomo

238 1321 521 1387 obligatur,
548 1329 730 1371 utrum
761 1321 939 1387 regule
964 1328 1014 1370 et
1037 1320 1176 1385 leges
1202 1315 1508 1367 huiusmodi
1516 1319 1878 1380 preceptorum
1900 1308 2013 1358 sint
2042 1306 2180 1356 idem

238 1411 378 1477 quod
406 1412 567 1462 Deus.

356 1500 490 1551 This
517 1501 774 1567 question
803 1500 940 1551 ends
967 1517 1040 1551 on
1069 1499 1156 1550 fol.
1209 1513 1292 1565 19,
1333 1497 1431 1547 col.
1483 1510 1501 1546 1
1554 1493 1686 1544 with
1714 1491 1870 1543 these
1897 1486 2107 1539 words:
2136 1493 2184 1536 et

242 1591 493 1657 quamvis
519 1591 625 1641 ista
650 1600 805 1657 opera
843 1591 956 1640 sint
992 1588 1292 1649 mutabilia,
1335 1587 1471 1652 leges
1510 1592 1708 1643 tamen,
1735 1578 2020 1631 secundum
2049 1593 2184 1642 quas

244 1688 508 1746 reguntur
531 1680 636 1731 ista
664 1690 838 1746 opera,
866 1688 995 1730 sunt
1020 1677 1400 1729 immutabiles.

360 1770 423 1820 In
446 1771 677 1821 another
704 1770 852 1821 hand
870 1769 979 1820 and
1009 1769 1102 1819 inl<
1124 1789 1134 1820 ι
1163 1766 1470 1818 immediate
1483 1771 1608 1830 post
1621 1761 1713 1811 hoc
1730 1758 1969 1825 sequitur
1992 1755 2185 1822 questio

243 1877 350 1925 qua
378 1861 620 1926 queritur
655 1869 839 1911 utrum
881 1877 1020 1909 unus
1058 1867 1135 1908 est
1173 1857 1466 1908 intellectus
1493 1854 1550 1904 in
1579 1849 1833 1902 omnibus.
1918 1846 2087 1909 Quere
2126 1844 2184 1893 in

229 1950 496 2016 principio
524 1951 675 2000 tercie
701 1958 843 2001 carte
868 1949 1129 2016 sequentis
1154 1956 1204 1998 et
1222 1948 1369 1997 ultra
1396 1949 1842 2009 consequenter2÷.

352 2038 537 2106 [Then
565 2039 773 2090 follows
800 2056 870 2090 on
911 2038 997 2090 fol.
1030 2052 1108 2104 19,
1137 2036 1236 2087 col.
1265 2051 1309 2102 3,
1338 2035 1431 2085 the
1471 2033 1637 2083 index
1675 2028 1736 2080 of
1770 2042 1837 2095 39
1876 2024 2183 2089 questions:

245 2126 358 2176 Hic
369 2136 496 2177 sunt
508 2127 795 2193 questiones
813 2127 1078 2193 disputate
1098 2133 1148 2175 et
1166 2123 1513 2174 determinate
1520 2129 1623 2186 per
1625 2119 1869 2183 fratrem
1880 2113 1929 2181 s
1926 2111 2185 2162 ohannem

245 2215 309 2265 de
357 2216 591 2268 Peclcam
633 2218 905 2268 Parisius.
965 2222 990 2243 ‘⁶
1021 2215 1218 2267 Utrum
1266 2211 1527 2271 verbum‚''
1574 2216 1696 2269 ete„
1743 2222 1803 2255 as
1857 2204 1912 2253 in
1954 2200 2186 2268 quaestio

254 2318 273 2355 1
307 2304 510 2356 above:
551 2307 657 2356 and
698 2314 755 2356 at
782 2306 875 2356 the
914 2305 1021 2356 end
1061 2303 1124 2355 of
1157 2303 1250 2354 the
1283 2302 1404 2352 list:
1445 2298 1596 2350 tituli
1631 2294 1960 2363 questionum
2000 2300 2185 2356 supra-

246 2395 435 2462 scripti
471 2412 649 2445 omnes
686 2402 814 2444 sunt
864 2394 921 2443 in
961 2392 1053 2442 hoc
1090 2391 1358 2442 volumine
1395 2385 1724 2455 pertractati,
1770 2390 2032 2448 sequentes
2069 2396 2187 2429 vero

250 2502 364 2536 non.
448 2484 512 2534 In
562 2483 659 2534 col.
701 2499 735 2547 4
787 2481 968 2535 follow
1018 2482 1113 2532 the
1164 2479 1309 2531 titles
1357 2479 1419 2529 of
1467 2489 1532 2542 54
1574 2492 1724 2527 more
1764 2471 2088 2539 quaestiones
2127 2469 2189 2518 de

257 2573 494 2640 quolibet.

363 2662 453 2714 On
479 2661 568 2712 fol.
601 2675 663 2712 21
696 2668 753 2711 at
779 2660 871 2712 the
898 2661 1016 2725 sign
1043 2661 1110 2706 ”-.
1137 2658 1231 2709 the
1259 2658 1538 2724 questions
1564 2649 1860 2720 continue]

366 2747 483 2814 (20)
529 2745 786 2808 Queritur
815 2754 918 2811 per
953 2743 1237 2809 oppositum
1272 2750 1455 2791 utrum
1502 2756 1639 2789 unus
1683 2745 1760 2787 est
1802 2734 2092 2785 intellectus
2131 2732 2188 2782 in

252 2833 502 2885 omnibus
524 2831 826 2881 hominibus
851 2839 901 2881 et
924 2830 1218 2880 ostenditur
1240 2828 1380 2894 quod
1397 2827 1488 2878 sic.

368 2924 488 2989 (21)
529 2922 617 2973 fol.
649 2935 737 2986 23,
766 2922 863 2972 001.
898 2934 943 2984 3.
978 2919 1235 2982 Queritur
1258 2926 1440 2968 utrum
1469 2916 1655 2981 aliqua
1687 2914 1782 2963 lux
1804 2912 1878 2961 sit
1907 2909 2189 2959 intellectu-

251 3015 361 3065 alis
387 3030 498 3063 una
527 3028 756 3073 numerO,
789 3011 846 3060 in
878 3027 983 3076 qua
1015 3009 1195 3059 omnia
1224 3005 1649 3058 intellectualiter
1678 3017 1972 3069 cognoscens
1995 2999 2070 3049 sit
2097 2998 2192 3048 lux

253 3121 366 3154 una
394 3109 573 3152 creata
599 3100 712 3150 sive
739 3100 994 3150 increata.

371 3193 424 3260 (2
434 3192 488 3259 2)
528 3190 614 3241 fol.
647 3204 676 3240 2
689 3200 735 3254 5,
762 3189 859 3240 001.
884 3204 932 3252 4.
967 3187 1224 3251 Queritur
1241 3187 1390 3236 iuxta
1416 3184 1508 3235 lzoc
1530 3192 1713 3233 utrum
1737 3179 1875 3230 ratio
1891 3178 2125 3243 superior
2144 3185 2195 3226 et

258 3282 499 3349 inferior,
525 3280 590 3330 de
622 3279 811 3345 quibus
841 3278 1076 3344 loquitur
1104 3276 1463 3343 Augustinus,
1493 3274 1606 3323 sint
1632 3271 1769 3321 idem
1802 3268 1941 3335 quod
1967 3267 2192 3316 intellec-

255 3371 342 3423 tus
386 3387 551 3438 agens
588 3378 639 3419 et
658 3368 930 3435 possibilis
968 3369 1031 3417 de
1064 3366 1251 3433 quibus
1288 3365 1521 3431 loquitur
1545 3358 1894 3428 philosophus.
1940 3398 1950 3408 .
1993 3398 2002 3407 .
2049 3398 2059 3408 .
2102 3355 2193 3406 In-

258 3463 488 3514 tellectus
514 3476 679 3526 agens
703 3475 758 3508 se
782 3456 938 3508 babet
961 3458 1038 3507 ad
1050 3455 1352 3522 possibilem
1384 3454 1523 3504 sicut
1554 3453 1649 3502 lux
1674 3450 1752 3499 ad
1771 3445 2115 3514 dyapbanum
2144 3455 2195 3497 et

259 3552 434 3603 eodem
463 3549 610 3599 modo
637 3565 691 3598 se
716 3546 872 3597 habet
896 3547 1035 3596 ratio
1060 3545 1298 3611 superior
1321 3544 1400 3593 ad
1420 3541 1740 3608 inferiorem.

373 3642 425 3707 (2
437 3641 491 3706 3)
521 3638 608 3689 fol.
644 3638 730 3700 26,
763 3636 860 3688 001.
901 3649 948 3687 2.
991 3634 1247 3698 Queritur
1278 3641 1462 3682 utrum
1491 3630 1776 3697 cogitativa
1804 3627 1979 3677 virtus
2003 3624 2196 3675 scilicet
