2512 4034
725 292 1204 349 TRACTATUS
1247 293 1644 345 PAUPERIS
2074 295 2142 358 83

219 439 455 502 heretici,
521 441 611 505 qui
681 446 866 490 contra
936 437 1287 503 apostolicam
1370 436 1748 486 diffinitionem
1831 446 2141 502 presumant

217 532 417 576 statum
448 541 744 591 pauperum
769 542 877 575 non
904 524 1075 573 solum
1103 539 1325 588 arguere
1350 522 1444 572 sed
1471 523 1632 572 stulte
1658 530 1711 571 et
1748 523 1914 588 impie
1952 522 2140 588 damp-

217 627 358 672 nare,
384 628 492 661 non
533 618 614 661 est
653 613 727 661 eis
764 611 866 661 hoc
903 608 1252 669 tolerandum,
1280 609 1411 674 quin
1438 608 1615 673 potius
1640 615 1825 657 contra
1852 608 1983 658 tales
2008 610 2143 659 sicut

214 705 404 747 contra
430 697 691 747 hereticos
718 694 1136 763 procedendum,
1166 695 1301 744 sicut
1327 702 1508 744 actum
1529 702 1610 743 est
1627 710 1699 742 ex
1726 700 1878 758 parte
1898 701 2141 759 tempore
2173 705 2180 710 ·

217 781 426 832 domini
466 782 765 833 Alexandri
805 798 946 848 pape
982 782 1172 846 quarti.
1249 779 1506 845 Amplius
1543 795 1641 828 nec
1681 779 1985 844 quicunque
2015 787 2141 830 sunt

216 868 412 934 ydonei
451 869 584 919 alios
623 883 844 934 arguere
882 884 980 916 nec
1020 867 1198 916 omnis
1236 865 1498 932 arguendi
1538 865 1731 915 modus
1756 864 2006 914 convenit
2030 881 2139 914 cor-

217 955 436 1004 rectioni
458 953 688 1004 fraterne
708 972 719 1017 3
748 953 867 1004 dico
893 969 1001 1002 non
1027 953 1279 1003 convenit
1298 952 1560 1018 correptio
1579 952 1878 1016 cuicunque
1897 967 2138 1015 persone,

216 1040 312 1089 sed
351 1041 620 1090 innocenti
659 1040 850 1090 saltem
891 1040 945 1088 in
984 1055 1179 1104 genere
1218 1039 1454 1088 criminis
1499 1036 1758 1103 arguendi
1804 1035 1944 1086 unde
1991 1036 2065 1088 Ιο.
2109 1038 2138 1088 8

219 1124 290 1190 [v.
319 1128 403 1196 7]:
444 1129 471 1150 “
491 1125 600 1192 Qui
628 1126 741 1175 sine
768 1131 988 1191 peccato
1015 1131 1095 1174 est
1123 1125 1329 1190 primus
1356 1125 1409 1173 in
1436 1122 1581 1174 illam
1610 1121 1847 1188 lapidem
1881 1119 2106 1172 mittat''
2130 1141 2140 1185 ;

216 1211 408 1277 glossa,
454 1212 496 1260 si
535 1212 677 1261 enim
720 1211 811 1261 lex
850 1210 1000 1261 iubet
1038 1211 1215 1275 puniri
1261 1226 1392 1272 reOS,
1433 1226 1542 1259 non
1585 1215 1770 1259 tamen
1821 1226 1852 1258 a
1903 1206 2142 1258 similiter

218 1297 532 1362 puniendis:
587 1314 707 1346 ecce
753 1295 914 1362 plena
959 1297 1166 1346 iusticia
1212 1303 1271 1346 ut
1317 1297 1486 1346 iustus
1541 1296 1683 1346 mala
1734 1295 1938 1360 puniat.
2019 1293 2142 1344 Hec

214 1382 409 1448 glossa.
487 1381 637 1432 Sicut
664 1382 822 1432 docet
852 1381 1164 1444 Anselmus,
1194 1380 1277 1432 lib.
1313 1381 1424 1432 Cur
1458 1381 1608 1431 Deus
1645 1380 1827 1431 homo:
1850 1379 1867 1408 1
1906 1378 2050 1445 quod
2089 1386 2144 1429 et

221 1468 264 1516 si
289 1466 453 1517 homo
480 1468 673 1518 meruit
700 1467 970 1533 flagellari,
996 1467 1262 1533 dyabolus
1289 1474 1471 1517 tamen
1500 1468 1553 1516 in
1583 1482 1707 1517 eum
1747 1465 1938 1515 iniuste
1976 1464 2141 1514 sevie-

217 1554 340 1603 bat:
379 1552 499 1603 licet
536 1570 666 1620 ergo
705 1553 939 1620 religiosi
986 1570 1246 1620 pauperes
1290 1552 1577 1618 aliquando
1621 1552 1772 1618 argui
1817 1558 2138 1611 mereantur,

217 1655 325 1689 non
371 1648 552 1690 tamen
598 1638 825 1705 pertinet
867 1639 1136 1705 correptio
1181 1638 1250 1689 acl
1297 1639 1543 1688 homines
1595 1636 1820 1696 dolosos,
1866 1634 2140 1702 superbos,

217 1725 529 1786 luxurios05,
566 1725 807 1776 membra
846 1726 1067 1792 dyaboli
1105 1725 1439 1787 electissima,
1480 1725 1602 1790 quia
1646 1740 1745 1774 nec
1789 1732 1912 1773 sunt
1955 1739 2140 1773 eorum

218 1812 405 1877 prelati
435 1829 533 1862 nec
561 1811 628 1861 de
656 1812 847 1861 merito
875 1812 984 1862 vite
1010 1810 1222 1861 infamis
1249 1811 1356 1861 vim
1384 1812 1632 1877 optinent
1671 1809 1940 1875 arguendi.
2020 1809 2142 1858 Pre-

215 1904 361 1948 terea
398 1897 653 1948 deficiunt
692 1897 825 1947 tales
863 1896 917 1946 in
958 1896 1123 1948 modo
1160 1896 1417 1963 arguendi
1458 1897 1583 1962 quia
1622 1896 1722 1946 sub
1748 1894 1908 1947 titulo
1933 1911 2141 1961 correp-

217 1983 380 2033 tionis
425 1983 597 2033 surdis
647 1982 985 2042 maledicunt,
1022 1982 1336 2034 absentibus
1381 1982 1687 2044 detrahunt,¹
1727 1998 1850 2032 cum
1889 1980 2144 2032 aviditate

215 2068 517 2119 infamandi
545 2069 658 2119 sine
684 2070 1009 2120 conscientia
1036 2069 1360 2120 mentiendi:
1400 2076 1618 2135 propter
1658 2068 1804 2133 quod
1833 2067 1964 2118 sicut
1992 2067 2142 2117 here-

212 2155 307 2207 tici
347 2155 626 2221 perniciosi
671 2156 1029 2223 proponendi,
1076 2156 1372 2222 pertinaces
1416 2163 1471 2206 et
1515 2154 1899 2221 incorrigibiles
1942 2153 2143 2205 debent

219 2241 500 2293 manifeste
526 2250 580 2292 et
605 2241 921 2308 generaliter
948 2242 1136 2304 notari,
1162 2251 1222 2294 ut
1261 2259 1292 2291 a
1330 2241 1566 2293 fidelium
1608 2241 1950 2292 subversione
1987 2239 2142 2290 refre-

214 2329 452 2381 nentur.2

331 2414 539 2465 Eodem
570 2415 735 2477 modo
763 2415 1047 2466 dicendum
1075 2416 1142 2466 ad
1173 2431 1240 2480 29
1266 2424 1321 2467 et
1351 2430 1431 2480 30.

329 2500 422 2551 Ad
452 2514 511 2565 31
545 2501 980 2568 respondendum
1017 2519 1110 2569 per
1136 2502 1606 2569 interemptionem
1647 2499 1791 2566 quod
1829 2498 2144 2565 generaliter

219 2585 366 2636 dicta
390 2602 665 2653 nunquam
695 2588 794 2637 sibi
820 2589 1169 2654 appropriant
1195 2587 1294 2638 nisi
1332 2605 1453 2638 cum
1494 2604 1526 2637 a
1564 2585 1810 2653 malignis
1835 2584 2142 2636 detractori-

221 2671 320 2722 bus
357 2671 625 2737 generalia
662 2672 732 2722 sic
771 2673 1133 2724 additionibus
1170 2672 1556 2724 contrahuntur
1594 2679 1653 2723 ut
1686 2672 1754 2722 de
1780 2670 1895 2722 aliis
1922 2670 2140 2738 intelligi

222 2774 330 2808 non
366 2758 594 2821 valeant,
623 2765 811 2824 utpote
849 2759 1184 2809 nominando
1222 2759 1367 2825 ipsos
1402 2759 1621 2809 nomine
1646 2774 1745 2808 suo
1783 2756 2141 2823 predicatores

222 2850 318 2894 aut
343 2844 504 2894 verba
532 2860 626 2894 sue
651 2844 831 2910 regule
855 2843 1170 2910 allegando:
1208 2846 1301 2895 sed
1327 2844 1428 2895 hoc
1465 2852 1546 2895 est
1583 2843 1792 2894 malicia
1825 2841 2141 2910 gehennalis

224 2930 277 2980 in
317 2946 422 2995 qua
460 2931 642 2980 omnia
679 2935 801 2980 sunt
840 2930 907 2980 ad
947 2935 1291 2992 tormentum,
1319 2930 1568 2981 universa
1606 2945 1707 2995 que
1743 2929 1797 2979 in
1834 2937 2138 2980 sanctorum

222 3015 368 3067 libris
392 3016 460 3066 de
484 3015 742 3082 ypocritis
767 3023 821 3067 et
842 3016 1208 3067 seductoribus
1227 3017 1487 3078 dicuntur,
1508 3018 1560 3066 in
1580 3018 1810 3067 virorum
1830 3024 2138 3067 sanctorum

226 3103 442 3152 iniurias
467 3102 783 3168 intorquere,
812 3102 955 3168 quod
987 3101 1188 3153 faciunt
1229 3103 1471 3153 moderni
1510 3101 1837 3152 heresiarche
1874 3108 1933 3151 ut
1970 3102 2022 3151 in
2063 3100 2139 3151 eis

222 3187 510 3254 impleatur
551 3187 695 3249 illud¹
730 3187 917 3239 Moral.
969 3186 1102 3253 133:
1164 3189 1456 3254 “antiquus
1504 3187 1672 3239 hostis
1723 3187 1902 3237 fremit
1950 3192 2140 3239 contra

215 3273 497 3325 ecclesiam
538 3273 788 3324 dentibus
826 3274 946 3336 suiS‚
974 3273 1103 3324 dum
1144 3291 1237 3341 per
1280 3273 1522 3325 crudeles
1560 3273 1815 3340 reprobos
1851 3273 1906 3323 in
1944 3273 2020 3324 eis
2060 3273 2139 3324 in-

319 3415 419 3468 le.
441 3417 514 3456 lib.
538 3417 585 3464 1.,
607 3428 700 3467 cap.
722 3416 793 3456 vii.

323 3484 407 3523 2Β.
443 3483 681 3524 continues.-
712 3491 758 3522 ut
785 3491 828 3523 et
860 3483 913 3523 ab
948 3484 1041 3523 aliis
1074 3483 1310 3523 dividantur
1348 3484 1466 3524 iuxta
1503 3484 1771 3535 prophetiam
1812 3484 1880 3523 Ps.
1919 3484 2132 3527 dicetitis:

213 3551 428 3603 Precipita
452 3552 635 3592 Domine
654 3558 696 3591 et
715 3551 857 3591 divide
877 3551 1048 3604 linguas
1068 3565 1212 3592 eorum
1233 3555 1359 3603 [etc.:
1393 3552 1459 3592 Ps.
1480 3552 1551 3591 liv.
1575 3564 1637 3600 10,
1662 3553 1742 3602 16].

323 3619 339 3644 3
359 3619 468 3660 Mor.
490 3619 574 3660 xiii.
600 3631 692 3671 cap.
714 3633 753 3658 x.
