2512 4034
707 257 1184 310 TRACTATUS
1227 256 1618 308 PAUPERIS
2057 264 2117 312 81

207 406 551 457 tenebrarum
603 419 882 453 excecasse
930 401 1153 462 videtur,
1205 401 1271 451 ad
1337 400 1529 449 intima
1568 417 1865 450 servorum
1929 402 2125 455 Christi

206 491 491 541 iudicanda
529 489 624 539 soli
671 488 794 537 Deo
839 489 1056 553 cognita
1094 504 1151 535 se
1195 485 1419 545 inflexit,
1461 500 1582 534 cum
1633 485 1814 535 Videat
1866 485 2127 551 plurimos

204 577 434 627 honores
472 576 714 625 deserere
750 573 1022 633 seculares,
1063 579 1117 622 et
1155 589 1212 621 se
1255 570 1561 620 huiusmodi
1606 569 1921 621 humilitatis
1965 577 2127 625 statui

205 663 434 728 alligare.
516 661 590 711 Et
627 661 669 709 si
709 659 856 708 dicat
895 657 1132 708 mendax
1172 656 1316 722 quod
1342 656 1538 706 nullius
1564 654 1764 705 ordinis
1804 656 2128 720 professores

205 756 370 809 notat,
412 747 691 797 manifeste
737 744 1016 804 mentitur;
1070 744 1194 808 quia
1238 741 1498 808 quosdam
1544 757 1639 790 suo
1689 741 1907 791 nomine
1959 745 2127 809 predi-

205 842 409 885 catores
448 832 693 899 appellat,
734 838 788 880 et
825 830 956 879 alios
996 847 1122 880 vero
1167 829 1237 879 516
1286 826 1720 892 circumloquitur
1759 835 1812 877 et
1849 829 2128 895 allegando

205 922 368 971 verba
394 919 571 986 regule
596 925 690 968 sue
717 924 770 967 et
801 918 922 976 vite,
949 916 1095 981 quod
1122 915 1402 966 manifeste
1433 921 1584 980 patet
1614 930 1738 964 eum
1778 917 2129 980 protestando

207 1007 365 1056 fuisse
392 1005 692 1066 mentitum,
719 1019 842 1053 cum
870 1020 927 1052 se
953 1002 1091 1052 dixit
1110 1002 1254 1052 nolle
1269 1000 1475 1066 aliquid
1496 1000 1671 1051 dicere
1690 1008 1878 1050 contra
1898 1001 2128 1067 aliquem

206 1100 407 1143 statum
435 1110 465 1142 a
492 1091 618 1141 sede
644 1089 932 1155 apostolica
958 1086 1357 1154 approbatum.l

314 1177 406 1227 Ad
446 1192 506 1228 21
552 1174 837 1227 dicendum
878 1174 1021 1240 quod
1062 1190 1261 1240 paucos
1296 1172 1381 1223 vel
1418 1172 1590 1222 nullos
1624 1171 1856 1222 vidimus
1888 1189 1944 1222 se
1978 1176 2133 1224 curiis

205 1265 505 1329 ingerentes
556 1261 648 1312 sed
699 1269 910 1311 coactos
961 1269 1014 1311 et
1063 1261 1350 1310 renitentes
1412 1259 1629 1324 prelatis
1692 1266 1745 1308 et
1808 1260 2135 1325 principibus

205 1349 439 1399 honestis
479 1348 823 1398 355151611165.2

314 1435 406 1485 Ad
447 1449 512 1485 22
553 1433 839 1485 dicendum
880 1432 1022 1498 quod
1062 1433 1298 1482 favorem
1332 1431 1629 1481 humanum
1658 1448 1876 1496 querere
1915 1440 2134 1498 propter

207 1522 409 1572 bonum
438 1520 709 1587 spirituale
735 1538 844 1570 non
872 1527 955 1570 est
982 1520 1199 1581 malum,
1221 1536 1321 1569 nec
1349 1535 1630 1584 procurare
1656 1518 1875 1584 negotia
1902 1518 2132 1584 pietatis,

206 1624 435 1673 quorum
458 1607 700 1673 plurima,
726 1607 824 1656 etsi
847 1623 955 1656 non
974 1604 1302 1670 conveniant
1320 1604 1630 1655 hominibus
1651 1621 1782 1670 pure
1804 1605 2130 1666 monasticis,

207 1701 431 1759 possunt
475 1701 657 1743 tamen
697 1692 978 1742 convenire
1015 1690 1143 1753 aliis,
1184 1698 1243 1741 ut
1287 1698 1437 1756 patet
1478 1708 1549 1740 ex
1596 1690 1863 1755 predictis,
1905 1707 2131 1756 quorum

207 1780 394 1844 pietati
435 1779 698 1844 principes
736 1785 790 1827 et
828 1777 915 1827 alii
955 1778 1120 1827 tutius
1160 1778 1463 1827 innituntur
1502 1793 1663 1842 quam
1709 1777 1945 1842 pluribus
1989 1794 2132 1827 56611-

207 1865 425 1926 131111111;
467 1880 694 1930 quorum
723 1880 896 1914 mores
935 1871 988 1913 et
1028 1865 1217 1913 merita
1256 1863 1366 1929 lupi
1406 1862 1640 1913 indicent
1678 1871 1732 1913 et
1771 1870 2041 1927 tonsores;
2081 1870 2135 1913 et

208 1968 301 2016 per
325 1950 426 2000 hoc
454 1957 603 2016 patet
632 1951 907 2016 responsio
934 1949 1002 1999 ad
1032 1963 1060 1999 2
1070 1963 1111 2013 3.

317 2050 384 2098 24
412 2035 650 2101 procedit
676 2053 747 2085 ex
773 2035 888 2085 falsi
914 2037 1299 2101 suppositione.
1377 2035 1602 2085 Nullum
1640 2036 1782 2085 enim
1820 2035 2000 2086 audivi
2042 2037 2132 2101 qui

208 2121 410 2172 diceret
436 2139 492 2171 se
519 2121 637 2187 plus
664 2121 835 2171 zelare
860 2139 1022 2187 quam
1050 2122 1253 2172 bonum
1292 2120 1556 2187 prelatum
1597 2121 1843 2186 quamvis
1884 2123 2133 2187 pauciora

207 2208 455 2273 recipiat3
507 2207 734 2272 plurium
773 2208 914 2257 enim
954 2209 1188 2273 receptio
1226 2209 1475 2257 convenit
1514 2207 1733 2273 prelatis
1778 2209 1868 2272 qui
1912 2224 2130 2274 gregem

209 2292 423 2360 triplicis
451 2293 725 2343 ministerii
751 2293 952 2344 habent
980 2311 1196 2359 pascere
1222 2295 1478 2360 pastione.

319 2443 399 2481 113.
437 2443 675 2482 continues:
727 2442 802 2482 sed
840 2456 915 2494 pro
949 2444 1105 2482 talibus
1139 2444 1241 2482 dicit
1280 2444 1518 2483 Ieronimus
1552 2443 1606 2481 ad
1639 2443 1855 2482 Asellam:
1899 2443 1934 2481 O
1975 2442 2131 2481 invidia

209 2511 390 2561 primum
416 2511 591 2549 mordax
621 2511 695 2559 tui,
730 2511 766 2548 O
797 2511 986 2551 Sathane
1013 2511 1235 2558 calliditas,
1265 2524 1429 2562 semper
1460 2520 1608 2550 sancta
1642 2522 1914 2562 persequens.
1975 2509 2128 2561 (Epist.

208 2578 323 2629 xlv.).

319 2644 400 2682 2Β.
434 2645 677 2684 continues.-
714 2645 812 2683 Fuit
845 2645 1015 2696 quidam
1048 2646 1262 2685 Iohannes
1294 2647 1336 2684 in
1372 2658 1536 2685 carcere
1573 2645 1757 2684 Herodis
1790 2646 1861 2697 qui
1896 2644 2041 2684 audito
2081 2658 2131 2684 eo

210 2713 343 2751 multa
370 2712 552 2752 faciebat
580 2720 626 2751 ut
655 2712 806 2752 dicitur
839 2715 970 2752 Marc.
1002 2714 1026 2752 6
1056 2716 1156 2764 [20].
1215 2715 1315 2752 Non
1346 2722 1410 2753 est
1439 2714 1579 2753 bonus
1608 2714 1833 2765 religiosus
1863 2713 1933 2764 qui
1967 2720 2051 2752 stat
2087 2714 2129 2751 in

210 2781 324 2819 curia
354 2792 602 2831 quacunque
632 2781 714 2819 nisi
745 2788 829 2819 stet
859 2781 914 2820 ibi
944 2794 1058 2820 mere
1087 2795 1159 2832 per
1189 2781 1476 2821 obedientiam
1506 2788 1758 2821 carceratus.
1819 2781 1884 2819 De
1922 2781 2130 2832 episcopis

209 2854 354 2886 autem
370 2847 520 2885 dicitur
535 2847 718 2886 secunda
734 2860 773 2899 q.
796 2860 819 2897 7
839 2861 876 2887 6.
895 2849 940 2886 N
944 2848 1056 2887 nllus
1072 2848 1295 2888 monachus
1310 2849 1452 2899 [Decr.
1474 2850 1528 2887 II.
1551 2862 1588 2896 2,
1606 2848 1675 2888 vii.
1693 2850 1761 2898 54]
1774 2856 1821 2887 ut
1836 2848 2129 2899 episcoporum

211 2915 454 2954 cubicularii
487 2915 570 2954 sint
603 2915 788 2966 religiosi
822 2916 961 2955 clerici
995 2916 1060 2955 vel
1099 2916 1223 2955 electi
1262 2917 1474 2956 monachi.
1535 2917 1600 2955 De
1638 2929 1785 2968 regum
1823 2922 1965 2954 autem
2004 2915 2130 2954 curiis

212 2982 431 3021 sciendum
462 2982 576 3033 quod
606 2984 705 3034 Sap.
738 2986 762 3022 6
791 2996 914 3034 super
945 2983 1059 3032 illud,
1091 2988 1100 3005 ‘
1118 2984 1292 3036 Diligite
1322 2984 1572 3035 sapientiam
1601 2991 1648 3021 ut
1678 2983 1719 3020 in
1755 2989 2004 3034 perpetuum
2038 2995 2130 3033 reg-

212 3050 372 3096 netis’;
402 3051 549 3101 glossa
577 3050 703 3089 dicit:
736 3058 839 3090 tunc
868 3051 975 3090 bene
1004 3051 1161 3102 regitur
1194 3051 1432 3102 respublica
1464 3064 1562 3091 cum
1600 3051 1840 3102 philosophi
1879 3058 2059 3101 regnant
2088 3057 2129 3088 et

211 3130 334 3169 reges
354 3118 726 3169 philosophantur.
789 3119 1036 3169 Philosophi
1066 3126 1208 3158 autem
1240 3127 1339 3158 sunt
1366 3132 1464 3158 vere
1492 3119 1633 3157 divine
1661 3118 1868 3168 sapientie
1900 3125 2125 3157 amatores.

213 3186 382 3225 Illorum
423 3198 526 3236 ergo
560 3185 716 3224 debent
750 3199 872 3237 reges
906 3187 995 3238 regi
1034 3187 1220 3225 consiliis
1258 3199 1364 3239 quos
1403 3186 1607 3225 sincerius
1645 3193 1915 3236 cognoscunt
1953 3185 2127 3236 diligere

212 3253 413 3292 deitatem
441 3255 553 3303 [MS.
576 3253 698 3303 dite]:
728 3267 800 3293 rex
828 3262 971 3293 autem
1001 3267 1075 3293 seu
1105 3262 1239 3293 rector
1268 3254 1451 3293 civitatis
1479 3262 1578 3292 ante
1607 3252 1751 3292 omnia
1778 3252 1903 3292 debet
1932 3251 1983 3290 de
2011 3253 2127 3291 cultu

214 3322 294 3360 Dei
316 3321 546 3371 providere,
567 3328 612 3360 ut
634 3321 912 3373 philosophus
933 3321 1058 3361 docet
1077 3322 1131 3360 vi.
1157 3321 1418 3370 Ethicorum‚
1440 3329 1480 3360 et
1501 3321 1763 3372 Augustinus
1790 3320 1892 3359 dicit
1919 3319 1973 3359 ad
2002 3321 2129 3359 Boni-

211 3389 369 3428 facium
389 3388 460 3439 [cf.
484 3389 645 3440 Migne‚
667 3390 766 3428 Pat.
789 3389 888 3428 Lat.
910 3389 1046 3427 xxxiii.
1070 3390 1151 3429 col.
1175 3401 1252 3439 792
1272 3395 1312 3428 et
1340 3391 1441 3440 seq]
1471 3388 1583 3440 quod
1610 3388 1750 3428 bonus
1779 3400 1848 3427 rex
1877 3386 2002 3426 debet
2030 3394 2128 3426 ante

213 3457 360 3495 omnia
380 3444 555 3508 peccata
574 3470 598 3495 a
620 3457 779 3507 populo
800 3457 1023 3507 extirpare.
1084 3457 1277 3496 Preterea
1296 3456 1445 3495 dicitur
1467 3457 1592 3495 Deut.
1619 3468 1680 3506 17,
1711 3460 1721 3476 ‘
1741 3456 1973 3506 Postquam
1988 3455 1999 3472 ’
2027 3457 2124 3504 [etc.

212 3538 250 3562 v.
285 3536 346 3574 17,
380 3526 457 3573 18].
518 3525 661 3575 Queso
690 3525 760 3575 qui
791 3532 892 3563 sunt
919 3524 1103 3575 aptiores
1133 3524 1321 3564 moribus
1349 3524 1622 3575 corrigendis,
1651 3524 1764 3562 vitiis
1794 3522 2050 3575 extirpandis
2084 3530 2127 3563 et

214 3588 431 3643 scripturis
452 3592 710 3643 exponendis
731 3604 856 3644 quam
876 3592 1008 3632 sancti
1028 3592 1104 3630 viri
1126 3592 1302 3642 probate
1322 3591 1537 3643 religionis
1555 3592 1570 3629 ?

1151 3650 1184 3698 6
