2512 4034
742 263 1066 316 CONTRA
1108 263 1602 315 KILWARDBY
2026 280 2044 317 1
2058 280 2123 332 37

199 417 385 477 patet;
424 407 725 460 secundum
763 415 844 457 est
880 409 1171 458 auctoritas
1209 424 1350 474 pape
1387 406 1490 458 hoc
1518 406 1831 457 diffinientis
1859 416 2120 476 tanquam

204 495 514 562 perfectum,
531 494 678 560 quod
700 492 717 521 1
737 498 791 544 et
809 493 1054 544 nominat
1075 493 1392 543 altissimam
1415 499 1792 558 paupertatem
1815 512 1825 555 ;
1850 492 1868 520 2
1905 495 2121 547 tertium

197 588 284 632 est
310 582 445 631 ratio
466 577 756 630 manifesta
777 597 789 641 ;
831 579 1142 629 divitiarum
1171 578 1190 608 ³
1214 586 1268 629 et
1294 579 1638 644 proprietatis
1664 578 2085 632 abdicandarum
2103 582 2124 610 4

200 667 298 718 hec
331 673 414 718 est
448 667 596 727 ratio,
635 666 759 731 quia
797 665 984 714 divitie
1008 663 1193 716 habite
1217 664 1392 715 solent
1418 680 1604 730 parere
1630 664 1950 729 superbiam,
1976 667 2124 718 unde

202 752 548 818 Augustinus
582 751 644 801 de
680 751 835 815 lapsu
863 751 1053 801 mundi
1075 767 1321 801 sermone
1355 765 1446 814 14:
1491 749 1604 800 “In
1644 750 1847 801 divitiis
1875 750 2007 802 nihil
2046 754 2121 804 sic

191 837 500 889 cavendum
538 844 619 887 est
656 852 819 902 quam
858 835 1109 902 superbie
1140 837 1359 888 morbus
1379 835 1419 888 ''.
1513 836 1622 901 Qui
1650 837 1795 886 enim
1822 853 1931 887 non
1959 837 2121 889 habet

201 925 498 992 pecuniam,
536 939 644 973 non
683 922 848 972 habet
878 921 1241 989 amplissimas
1273 922 1575 985 facultateS,
1607 938 1716 972 non
1751 921 1931 984 habet,
1968 924 2122 990 suple

198 1009 426 1075 “quoad
463 1007 605 1068 hoc,’'
634 1007 779 1059 unde
805 1008 1094 1074 superbiat.
1175 1008 1319 1060 Item
1345 1009 1518 1059 solent
1544 1025 1734 1075 parere
1758 1010 2037 1060 avaritiam
2067 1018 2122 1061 et

195 1095 250 1145 in
287 1111 527 1146 amorem
567 1096 643 1145 sui
685 1093 1027 1145 inflammare
1066 1096 1312 1145 animum
1353 1095 1711 1161 possidentis;
1753 1095 1896 1145 unde
1923 1103 2116 1160 poeta:

192 1180 448 1232 “Crescit
484 1196 638 1231 amor
673 1181 883 1231 nummi
910 1187 1177 1246 quantum
1206 1182 1320 1246 ipsa
1347 1182 1578 1247 pecunia
1604 1178 1868 1241 crescit’';
1907 1187 1962 1230 et
1992 1181 2120 1232 Ber-

197 1267 396 1317 nardus
440 1268 494 1317 in
538 1264 814 1333 quodam5
859 1282 1149 1318 sermone:
1208 1268 1235 1291 “
1261 1266 1383 1316 Hec
1428 1274 1510 1318 est
1553 1268 1694 1317 ratio
1738 1265 2117 1331 fugiendarum

190 1351 503 1403 divitiarum
551 1353 818 1419 precipua,
858 1353 986 1418 quia
1028 1353 1146 1402 sine
1185 1369 1370 1403 amore
1414 1361 1505 1403 aut
1553 1353 1650 1403 vix
1700 1360 1793 1404 aut
1838 1369 2117 1419 nunquam

193 1438 534 1505 possidentur
556 1458 567 1501 ;
591 1439 610 1469 6
648 1439 955 1504 glutinosus
992 1440 1137 1489 enim
1172 1447 1253 1489 est
1291 1440 1506 1490 animus
1545 1439 1783 1490 hominis
1810 1447 1864 1490 et
1891 1438 2121 1490 faciliter

191 1524 417 1576 adheret
433 1525 687 1575 omnibus
704 1540 809 1591 que
830 1523 1044 1590 frequen
1054 1532 1133 1574 tat
1149 1523 1186 1577 ''.
1248 1525 1369 1575 Hec
1389 1525 1708 1579 BernarduS.
1769 1526 1911 1578 Item
1931 1526 2122 1577 divitie

191 1613 407 1678 pariunt
445 1610 676 1672 deliciaS,
720 1609 863 1661 unde
895 1610 1041 1661 Luce
1068 1612 1117 1662 6.
1198 1615 1224 1637 ‘⁶
1245 1610 1332 1661 Ve
1357 1610 1523 1674 vobiS,
1550 1611 1758 1674 diviteS,
1785 1615 1876 1678 qui
1905 1612 2120 1662 habetis

192 1697 279 1747 hic
308 1694 734 1747 consolationem
760 1696 1050 1748 vestram.''
1117 1695 1409 1748 Summum
1437 1697 1599 1763 igitur
1626 1697 1927 1749 remedium
1956 1697 2117 1764 primi

193 1782 456 1849 periculi⁷
491 1791 576 1833 est
612 1798 826 1833 servum
867 1798 923 1831 se
961 1799 1060 1848 pro
1101 1781 1318 1834 Christo
1358 1782 1621 1834 exhibere
1659 1793 1714 1834 et
1755 1783 1914 1835 rebus
1942 1785 2022 1834 uti
2062 1785 2118 1833 in

187 1868 365 1920 aliena
393 1870 581 1935 positis
607 1875 894 1934 potestate.
963 1867 1257 1919 Summum
1283 1868 1586 1920 remedium
1614 1869 1834 1921 secundi
1862 1877 1944 1920 est
1971 1886 2063 1920 cor
2088 1887 2120 1920 a

191 1954 392 2005 divitiis
417 1971 630 2006 summe
656 1953 948 2013 absolvere,
977 1953 1139 2004 nichil
1157 1954 1176 1983 s
1203 1955 1331 2005 iuris
1358 1956 1412 2005 in
1440 1957 1516 2006 eis
1535 1956 1834 2016 vendicare,
1856 1956 2117 2022 quoniam

189 2041 438 2092 custodia
475 2042 604 2092 iuris
644 2040 899 2092 distrahit
924 2042 1221 2107 cogitatum
1245 2060 1256 2105 ;
1296 2042 1439 2092 unde
1465 2042 1595 2094 dicit
1623 2043 1799 2095 Ysaac
1829 2044 1895 2095 de
1918 2044 2121 2108 pezsfec-

189 2127 328 2178 tz'one
352 2126 812 2192 contemplatz’onzk,
846 2130 873 2151 ‘⁶
895 2126 1030 2177 nihil
1056 2135 1137 2177 est
1153 2126 1172 2156 9
1198 2127 1342 2193 quod
1369 2129 1444 2179 sic
1471 2130 1646 2194 pariat
1670 2129 2116 2196 tranquillitatem

187 2214 326 2264 sicut
364 2221 654 2279 paupertas
694 2229 801 2279 que
842 2211 1144 2263 voluntarie
1185 2214 1485 2279 possidetur
1506 2214 1561 2276 ’';
1605 2214 1750 2266 unde
1793 2215 1926 2266 dicit
1972 2215 2118 2266 Gau-

187 2297 358 2350 fridus
381 2319 389 2351 :
431 2303 458 2325 “
477 2299 752 2365 Exempla
779 2298 848 2349 de
876 2300 1181 2350 maioritate
1199 2308 1255 2350 et
1274 2299 1585 2352 obedientia
1602 2300 1626 2320 ''
1655 2301 1804 2368 quod
1824 2318 1935 2352 non
1962 2301 2119 2352 decet

191 2402 386 2436 manus
424 2383 647 2435 fratrum
688 2387 961 2436 minorum
988 2391 1137 2436 tactu
1168 2388 1395 2451 pecunie
1420 2386 1737 2454 rubiginari.
1819 2387 2115 2439 Summum

189 2471 488 2522 remedium
528 2473 671 2522 tertii
710 2478 792 2520 est
829 2472 905 2521 uti
946 2472 1295 2536 paucissimiS,
1332 2481 1392 2523 ut
1421 2481 1502 2524 est
1528 2474 1800 2540 possibile,
1828 2472 1979 2540 [3ov]
2005 2488 2115 2523 non

188 2557 498 2608 thesaurum
536 2556 738 2607 habere
764 2556 1103 2607 reconditum
1132 2560 1356 2624 pecunie
1396 2577 1495 2626 pro
1532 2576 1603 2620 se,
1639 2576 1747 2610 non
1787 2560 2132 2624 granarium,

188 2659 297 2693 non
326 2641 595 2694 cellarium
624 2642 900 2709 possidere
923 2650 978 2693 et
997 2642 1207 2702 similia,
1229 2660 1332 2709 que
1352 2645 1420 2695 ad
1443 2662 1663 2697 manum
1686 2647 1830 2696 carni
1853 2645 2116 2712 placentia

189 2728 656 2780 subministrant.10
721 2728 862 2779 Cum
885 2729 1048 2794 igitur
1067 2729 1121 2779 in
1141 2729 1275 2779 nihil
1295 2729 1548 2782 habendo
1565 2733 1840 2798 proprium
1861 2731 1941 2781 vel
1971 2747 2116 2781 com-

189 2831 354 2865 mune
391 2815 461 2865 sit
499 2830 774 2865 summum
814 2813 1114 2865 remedium
1154 2816 1373 2882 periculi
1412 2818 1741 2880 divitiarum,
1778 2816 1937 2868 credo
1974 2816 2118 2867 hunc

186 2917 308 2951 esse
334 2908 536 2951 statum
563 2901 840 2960 artissime,
860 2901 988 2966 quia
1008 2899 1280 2962 altissime,
1301 2909 1354 2952 et
1372 2918 1696 2970 erumpnose
1717 2900 2114 2969 paupertatis.11

190 2985 348 3038 Circa
374 2994 558 3037 tamen
584 2985 742 3036 huius
767 2985 974 3037 articuli
997 2987 1298 3038 custodiam
1322 2996 1512 3039 notum
1532 2997 1614 3040 est
1633 2989 1864 3055 qualiter
1884 2987 1923 3017 12
1950 2987 2114 3053 aliqui

188 3070 609 3123 detractionibus
652 3071 876 3123 occultis
921 3080 977 3122 et
1016 3071 1246 3138 publicis
1286 3076 1404 3125 nixi
1450 3084 1574 3126 sunt
1620 3075 1878 3125 infamare
1926 3075 2114 3124 fratres

189 3159 438 3218 minoreS,
466 3159 542 3207 eis
563 3158 790 3224 predicti
816 3158 1024 3209 articuli
1057 3161 1537 3225 prevaricationem
1567 3162 1904 3227 imponentes
1933 3161 2117 3226 impie,

301 3278 316 3302 1
331 3277 457 3331 quod,
478 3291 553 3318 om.
579 3279 628 3318 Β.
985 3281 1002 3306 2
1018 3288 1315 3333 paupertatem
1336 3282 1379 3320 in
1398 3282 1545 3334 regula
1565 3282 1739 3321 fratrum
1760 3282 1987 3329 minorum,
2008 3282 2057 3320 B.

299 3345 315 3371 3
332 3346 586 3385 divitiarium
606 3346 735 3394 enim,
757 3347 806 3385 B.
985 3348 1002 3373 4
1017 3355 1073 3396 et,
1095 3348 1196 3396 add,
1216 3349 1267 3387 A.
1490 3349 1506 3374 5
1520 3349 1716 3400 quodam,
1737 3363 1814 3389 om.
1847 3351 1896 3389 Β.

295 3412 314 3438 6
329 3412 532 3465 possideri
553 3420 745 3464 possunt,
764 3414 812 3452 B.
981 3414 997 3439 ⁷
1014 3415 1199 3467 periculi,
1220 3428 1297 3454 om.
1319 3416 1370 3454 A.
1483 3415 1500 3440 8
1516 3416 1743 3468 nichilque,
1767 3417 1815 3456 B.

294 3479 314 3505 ⁹
331 3487 407 3528 est,
429 3494 506 3520 om.
530 3482 579 3519 B.
982 3482 1018 3507 1⁰
1034 3482 1344 3530 administrant,
1365 3485 1414 3522 A.

296 3548 332 3573 11
347 3554 504 3587 statum
524 3548 740 3597 altissime,
761 3552 857 3601 quia
876 3550 1101 3598 artissime,
1124 3550 1223 3603 quia
1243 3552 1617 3603 erumpnosissime
1632 3553 1902 3604 paupertatis,
1927 3554 1976 3592 B.

294 3615 332 3640 12
343 3616 559 3656 notorium
580 3624 645 3656 est
664 3617 845 3669 qualiter
866 3617 1052 3669 quidam,
1075 3618 1125 3657 B.
