2512 4034
707 266 1187 319 TRACTATUS
1230 266 1623 320 PAUPERIS
2065 284 2126 335 71

212 417 369 460 erunt
414 409 641 477 apostoli
685 410 979 461 antichristi
1024 416 1078 460 et
1123 426 1456 476 precursores
1502 418 1555 460 et
1597 412 1645 461 ei
1697 414 1993 477 specialiter
2042 416 2134 465 ad-

213 496 474 547 herentes,
551 497 637 546 De
658 511 881 561 quorum
903 512 1131 546 numero
1149 495 1400 546 videntur
1416 513 1534 546 esse
1554 496 1769 547 divitias
1788 499 2134 565 impudenter

215 583 665 632 commendantes
688 588 743 631 et
766 586 1140 647 paupertatem
1168 598 1267 647 pro
1286 580 1489 632 viribus
1509 580 1900 645 labefacienteS,
1917 584 2136 635 divitias

211 675 268 718 et
309 674 681 734 paupertatem
727 665 955 717 mirabili
997 667 1207 717 insania
1249 667 1316 717 in·
1342 683 1508 717 unum
1561 667 1971 732 confundente5‚
2010 687 2132 722 cum

213 753 362 804 dicat
420 752 759 819 Augustinus
810 752 877 802 de
927 751 1105 802 verbis
1160 753 1384 803 Domini
1437 770 1598 820 super
1639 753 1796 805 Luc:
1851 756 2027 806 ‘dives
2082 764 2136 807 et

213 855 418 906 pauper
445 838 554 889 duo
582 846 708 888 sunt
735 838 836 888 sibi
864 837 1156 888 contraria’
1176 856 1188 901 ;
1209 838 1225 867 1
1254 845 1309 889 et
1335 840 1420 889 isti
1449 840 1602 890 istius
1627 840 1890 907 temporis
1916 841 2134 893 heretici

212 932 424 990 ponunt
450 923 548 975 hec
573 925 839 975 contraria
865 924 1026 974 simul
1053 924 1108 974 in
1137 931 1259 974 actu
1292 941 1525 987 summO,
1555 932 1613 975 ut
1651 942 1918 992 pauperes
1956 927 2135 978 dican-

213 1017 301 1060 tur
326 1010 588 1061 altissima
625 1016 959 1077 paupertate,
990 1010 1082 1076 qui
1120 1009 1350 1060 affluunt
1387 1027 1548 1078 super
1587 1009 1718 1062 alios
1758 1012 2133 1079 temporalium

210 1095 490 1147 ubertate.2
567 1096 654 1146 De
678 1096 1059 1157 horumetiam
1086 1112 1314 1147 numero
1339 1095 1693 1148 infallibiliter
1728 1114 1847 1149 esse
1884 1099 2136 1151 videntur

213 1183 305 1248 qui
347 1199 503 1233 usum
542 1179 852 1232 divitiarum
895 1181 1013 1247 plus
1051 1182 1326 1233 affirmant
1362 1183 1431 1233 ad
1470 1183 1834 1251 perfectorum
1864 1202 2029 1252 quam
2057 1186 2136 1237 in-

212 1268 574 1335 perfectorum
600 1268 868 1334 pertinere
893 1284 1066 1330 usum,
1094 1269 1243 1334 quasi
1271 1268 1376 1319 Dei
1406 1269 1575 1321 Filius
1602 1269 1779 1337 legem
1812 1272 2138 1338 ignoraverit

216 1354 594 1421 perfectorum.

324 1441 404 1507 (5)
445 1438 586 1490 Sunt
625 1439 819 1489 iterum
863 1438 910 1504 5ε
938 1439 1267 1490 carnalitatis
1305 1448 1613 1502 sectatore5‚
1652 1450 1765 1493 tam
1806 1443 1931 1509 gule
1969 1461 2134 1511 quam

214 1525 443 1576 luxurie.
522 1525 673 1587 Gule,
701 1525 937 1591 inquam,
962 1525 1108 1576 unde
1147 1528 1406 1577 canonica
1444 1527 1584 1593 Jude
1619 1534 1687 1593 [v.
1727 1531 1846 1590 18]:
1891 1528 2003 1580 “In
2045 1547 2135 1581 no-

211 1613 442 1663 vissimis
493 1610 830 1678 temporibus
846 1610 880 1661 ''.
941 1611 1165 1674 Glossa;
1224 1613 1278 1662 in
1328 1618 1575 1678 tempore
1624 1614 1936 1678 antichristi,
1986 1617 2137 1667 cuius

212 1698 320 1749 iam
349 1699 434 1748 isti
461 1705 587 1748 sunt
614 1696 946 1764 preambuli:
991 1699 1252 1748 “venient
1277 1698 1515 1749 illusores
1544 1700 1841 1751 secundum
1869 1701 2137 1753 desideria

210 1801 309 1833 sua
347 1782 685 1834 ambulantes
704 1782 727 1801 ’'
748 1800 760 1846 ;
798 1782 988 1849 glossa,
1031 1801 1167 1850 quos
1205 1784 1299 1834 tali
1339 1784 1496 1852 signo
1542 1787 1772 1852 potestis
1812 1804 2136 1854 cognoscere

211 1869 356 1936 quod
383 1869 559 1936 gulosi
586 1877 719 1920 sunt.
799 1869 922 1919 Hos
948 1872 1111 1921 etiam
1137 1878 1298 1921 vocat
1325 1872 1378 1920 in
1405 1871 1598 1923 eadem
1638 1873 1869 1938 epistola
1912 1878 1980 1938 [V.
2017 1873 2101 1939 12]
2123 1894 2132 1925 :

211 1957 312 2006 “in
340 1954 514 2022 epulis
542 1954 752 2006 macule
778 1954 1173 2018 convivanteS,”
1211 1957 1519 2023 emphatice
1545 1960 1767 2010 nomine
1806 1959 2133 2012 maculamm

211 2042 557 2092 vehementer
595 2041 900 2092 maculosos
937 2058 1053 2092 esse
1094 2041 1385 2094 insinuans,
1468 2044 1591 2095 Istis
1637 2047 1802 2096 etiam
1846 2048 2137 2098 convenire

211 2135 387 2194 potest
437 2127 566 2178 illud
618 2125 744 2195 [IL]
796 2128 937 2180 Tim.
986 2142 1013 2193 3
1068 2128 1138 2195 [V.
1191 2131 1273 2198 2]:
1328 2132 1539 2180 “erunt
1582 2131 1830 2183 homines
1876 2150 1933 2183 se
1986 2134 2136 2201 ipsos

209 2212 498 2276 amantes,’'
526 2221 629 2265 ete.
659 2221 712 2264 et
751 2213 885 2264 infra
923 2214 1315 2274 incontinentes
1335 2233 1346 2277 ;
1388 2215 1582 2282 glossa,
1610 2216 1733 2282 gule
1769 2217 1855 2268 vel
1895 2217 2133 2269 libidinis

211 2315 318 2351 non
344 2299 665 2350 refrenando
691 2299 858 2351 malas
882 2299 1237 2367 cupiditates:
1274 2301 1636 2368 ‘voluptatum
1660 2312 1930 2354 amatores
1960 2306 2132 2372 magis

212 2403 373 2452 quam
397 2387 500 2437 Dei
517 2384 528 2402 '
549 2404 559 2448 ;
577 2385 767 2454 glossa,
787 2388 870 2438 i.e.
896 2387 1138 2438 carnales
1159 2387 1354 2438 letitias
1375 2388 1738 2454 spiritualibus
1756 2401 2131 2458 preponentes,

215 2472 356 2522 Ecce
382 2472 567 2538 quales
593 2479 750 2522 erunt
775 2472 1019 2539 discipuli
1060 2473 1373 2535 antichristi,
1400 2474 1641 2525 carnales
1681 2484 1736 2526 et
1775 2493 2132 2542 precursoreS.

217 2557 384 2609 U'nde
424 2557 613 2609 Moral.
651 2567 708 2620 15
744 2564 879 2624 [cap.
910 2558 1041 2620 lxi.],
1068 2558 1292 2624 loquens
1333 2559 1402 2609 de
1440 2559 1759 2612 antichristo
1799 2563 1958 2613 dicit:
1997 2564 2134 2629 “qui

215 2645 268 2694 in
318 2644 471 2695 bonis
521 2644 857 2710 presentibus
908 2644 1262 2705 delectantur,
1315 2662 1373 2695 se
1429 2649 1686 2712 potestati
1739 2648 1878 2699 illius
1931 2649 2135 2716 absque

214 2732 589 2780 retractatione
616 2729 886 2780 subiciunt
904 2729 958 2780 ”1
999 2739 1053 2780 et
1077 2730 1243 2781 infra:
1287 2733 1383 2782 “in
1411 2732 1582 2783 tribus
1616 2734 1770 2784 annis
1810 2743 1865 2785 et
1905 2735 2133 2786 dimidio

215 2833 406 2867 omnes
432 2832 570 2882 quos
596 2816 650 2866 in
679 2816 861 2867 studio
887 2819 995 2867 vite
1022 2816 1244 2867 carnalis
1285 2819 1547 2869 invenerit
1589 2820 1715 2886 iugo
1753 2837 1849 2870 sue
1888 2821 2132 2872 domina-

213 2903 374 2953 tionis
402 2902 649 2967 astringit
667 2899 710 2954 ”.
794 2902 912 2953 Hec
943 2903 1243 2969 Gregorius.
1322 2903 1466 2954 Ecce
1493 2904 1678 2970 quales
1706 2905 1970 2957 adherent
1997 2910 2132 2958 anti-

212 2988 424 3039 christo,
501 2988 574 3038 Et
599 2995 804 3038 certum
833 2995 913 3038 est
939 2989 1080 3054 quod
1108 2989 1308 3039 similes
1335 2998 1625 3057 preparant
1651 2991 1796 3041 viam
1824 2992 2135 3044 antichristo

216 3076 458 3125 maxime
497 3073 789 3124 secundum
831 3091 1048 3125 carnem
1086 3076 1327 3125 viventes
1376 3083 1430 3125 et
1473 3076 1842 3127 carnalitatem
1895 3078 2134 3130 subdolis

214 3159 684 3211 exhortationibus
724 3162 1187 3212 commendantes,
1268 3161 1354 3211 De
1398 3161 1594 3227 quibus
1640 3162 1837 3214 dicitur
1883 3164 2056 3231 Apoc.
2100 3185 2136 3233 9

215 3246 284 3313 [v.
321 3249 433 3316 17]:
478 3246 630 3312 “Qui
669 3244 935 3296 sedebant
973 3263 1132 3313 super
1170 3263 1337 3312 equos
1376 3247 1656 3298 habebant
1695 3247 1889 3300 loricas
1929 3253 2132 3318 igneas,

214 3341 270 3384 et
296 3332 618 3393 iacinctinaS,
646 3340 700 3382 et
727 3332 1054 3398 sulphureas,
1083 3341 1137 3383 et
1162 3335 1340 3400 capita
1379 3351 1641 3399 equorum
1682 3343 1837 3386 erant
1876 3345 2132 3406 tanquam

325 3467 340 3492 1
358 3468 375 3505 Ι
397 3468 505 3507 have
526 3466 651 3507 failed
672 3474 715 3506 to
737 3467 824 3507 find
843 3468 913 3506 the
935 3469 1178 3519 expression
1200 3468 1243 3506 in
1266 3469 1327 3507 St.
1350 3469 1627 3520 Augustine's
1649 3482 1853 3511 sermons.

324 3537 461 3575 2B.V.
500 3533 723 3576 continue:
761 3537 815 3574 Et
846 3536 1127 3576 Cassiodorus
1157 3549 1282 3587 super
1311 3536 1437 3584 illud;
1474 3537 1570 3575 Tibi
1601 3537 1824 3579 derelictus
1854 3548 1919 3580 est
1949 3555 2134 3595 pauper;

216 3603 318 3643 dicit
337 3617 494 3655 pauper
517 3616 541 3642 a
562 3603 732 3655 paulula
753 3616 810 3642 re.
