2512 4034
757 254 1083 307 CONTRA
1125 254 1618 305 KILWARDBY
2084 266 2152 321 97

226 407 605 464 commentary
641 416 711 449 on
750 400 842 450 the
872 398 1065 449 Ethics
1093 397 1152 448 of
1175 398 1448 459 Aristode,
1476 398 1652 449 which
1691 397 1735 446 is
1774 397 2059 463 preserved
2101 397 2154 447 in

230 501 262 534 a
290 484 410 536 MS.
440 485 501 534 of
525 485 582 536 S.
615 485 799 544 Croce‚
828 485 1051 534 marked
1097 494 1194 549 533
1226 483 1334 534 and
1364 501 1488 534 now
1528 484 1581 532 in
1623 483 1715 533 the
1744 483 2001 533 National
2031 483 2159 533 Lib-

226 587 348 636 rary
369 570 430 620 of
442 571 485 620 F
490 571 703 621 lorence
723 587 732 618 :
751 587 902 621 conv.
922 587 1102 637 soppr,
1125 571 1190 621 G.
1212 586 1260 635 4.
1287 573 1348 635 85
1361 584 1401 634 3.
1466 570 1556 621 On
1575 569 1669 619 the
1689 568 1898 633 fly-leaf
1912 570 2006 619 the
2028 577 2156 619 note

230 674 447 707 occurs:
512 657 674 706 Liber
728 655 1022 708 Conventus
1077 656 1274 707 Sancte
1317 655 1504 707 Crucis
1541 655 1603 704 de
1641 655 1917 705 Florentia
1957 655 2162 704 ordinis

232 746 513 796 minorum.
546 746 819 812 Scriptum
846 756 1002 810 super
1025 745 1275 796 Etlzicam
1289 745 1503 810 fratris
1515 744 1566 811 J
1563 744 1756 794 oannis
1801 745 1864 794 de
1901 742 2158 794 Pecliano.

236 835 508 901 Scriptum
548 836 826 902 Magistri
847 835 1160 885 Alexandri
1180 845 1338 901 super
1361 835 1524 885 libros
1553 834 1617 883 de
1643 833 1873 896 Anima,
1907 834 2009 884 No.
2047 845 2069 898 5
2084 847 2166 896 33,

236 924 358 974 The
409 925 738 990 description
804 925 847 973 is
909 924 1245 991 incomplete,
1297 925 1540 985 because,
1586 923 1832 973 between
1880 921 2164 973 Pecham's

235 1010 381 1061 book
408 1010 514 1061 and
556 1011 675 1060 that
702 1009 765 1059 of
782 1010 1118 1071 Alexander,
1146 1011 1188 1060 is
1216 1011 1569 1061 intercalated
1596 1027 1628 1060 a
1653 1010 1784 1075 long
1822 1024 2166 1073 anonymous

234 1097 456 1147 treatise
481 1114 552 1146 on
579 1096 672 1146 the
699 1095 1049 1146 Aristotelian
1080 1097 1254 1148 books
1280 1099 1342 1148 de
1367 1098 1709 1148 animalibus.

345 1183 629 1234 Pecharn's
667 1192 1042 1250 commentary
1072 1186 1261 1251 begins
1289 1187 1446 1238 thus:
1489 1187 1687 1252 Incipit
1722 1186 1977 1252 scriptum
2018 1194 2174 1250 super

233 1271 488 1322 Etlzicam
499 1272 708 1336 fratris
733 1270 1008 1338 joliannis
1045 1273 1106 1322 de
1143 1273 1327 1324 Peliae
1367 1276 1450 1340 (de
1486 1275 1730 1326 Pecliano
1771 1277 1815 1325 is
1856 1276 2069 1325 written
2098 1291 2169 1324 on

234 1359 328 1409 the
358 1376 566 1408 reverse
593 1357 656 1407 of
689 1357 780 1407 the
814 1357 1049 1426 fly-leaf).
1137 1359 1270 1411 Cum
1309 1363 1521 1412 scientie
1545 1363 1768 1428 quedam
1800 1362 1913 1412 sint
1936 1362 1998 1411 de
2025 1360 2174 1410 rebus

233 1457 285 1498 et
307 1449 532 1514 quedam
559 1447 620 1497 de
649 1447 837 1513 signis,
864 1465 980 1498 cum
1019 1449 1240 1500 scientia
1277 1452 1353 1501 sit
1387 1451 1603 1502 liabitas
1642 1452 1822 1503 anime
1852 1450 2171 1511 intellective,

235 1556 335 1588 non
363 1538 467 1588 erit
488 1538 709 1587 scientia
736 1538 798 1587 de
821 1538 996 1604 signis
1021 1540 1337 1605 quibuslibet
1360 1543 1456 1592 sed
1474 1544 1537 1592 de
1563 1543 1754 1609 Signis,
1776 1560 1887 1608 que,
1910 1541 2175 1591 mediante

232 1645 400 1690 sensu,
442 1627 883 1692 comparationem
924 1627 1121 1679 babent
1158 1632 1510 1682 essentialiter
1550 1633 1629 1682 ad
1662 1633 1912 1682 animam
1953 1631 2175 1681 intellec-

235 1718 406 1767 tivam
435 1718 523 1766 vel
544 1717 622 1765 ad
640 1717 912 1781 potentias
945 1718 1068 1769 eius.
1149 1719 1270 1768 Hoc
1303 1730 1482 1771 autem
1503 1722 1720 1787 proprie
1759 1730 1836 1771 est
1866 1738 2035 1770 sermo
2066 1719 2178 1770 sive

235 1825 335 1857 vox
359 1806 607 1856 liberalis.
694 1805 744 1855 It
772 1806 816 1855 is
848 1806 1063 1873 worthy
1087 1808 1149 1857 of
1177 1817 1305 1858 note
1344 1811 1465 1860 that
1491 1811 1544 1860 in
1584 1810 1961 1875 commenting
1984 1825 2054 1859 on
2083 1809 2179 1859 the

235 1895 445 1946 famous
472 1911 700 1960 passage
727 1894 780 1943 in
809 1894 901 1943 the
936 1894 1125 1944 Ethics
1157 1901 1486 1964 concerning
1512 1898 1675 1959 ideas,
1710 1898 1945 1947 Pecham
1974 1896 2182 1963 openly

235 1990 488 2049 supports
515 1981 607 2031 the
633 1989 952 2046 arguments
978 1981 1039 2030 of
1067 1982 1224 2032 Plato
1250 1984 1464 2048 against
1495 1984 1772 2046 Aristotle,
1801 1984 2092 2050 appealing
2118 1990 2181 2033 to-

240 2068 318 2120 St.
343 2067 668 2133 Augustine.
756 2067 778 2117 I
804 2083 934 2133 may
953 2067 1021 2117 be
1039 2069 1330 2134 permitted
1354 2078 1410 2119 to
1431 2078 1598 2136 quote
1618 2088 1650 2120 a
1673 2071 1772 2120 few
1790 2069 1924 2120 lines
1944 2089 1954 2120 ε
1983 2069 2071 2119 fol.
2102 2081 2186 2132 15,

237 2155 340 2205 col.
370 2170 433 2219 4:
473 2155 626 2205 Dicit
661 2155 978 2205 Aristoteles
1017 2154 1075 2204 in
1125 2155 1225 2204 XI
1259 2155 1588 2222 philosophie
1615 2157 1799 2222 prime
1837 2157 1978 2222 quod
2008 2157 2178 2206 solum

237 2260 435 2306 eorum,
477 2263 573 2311 que
614 2254 743 2296 sunt
784 2246 880 2295 sub
934 2245 1172 2313 artificio,
1216 2255 1344 2296 sunt
1386 2248 1712 2313 exemplaria
1759 2255 1859 2297 aut
1887 2246 2030 2311 ydee.
2115 2245 2190 2296 Si·

237 2351 360 2400 ergo
388 2352 488 2385 non
516 2337 714 2398 omnia,
745 2336 909 2386 immo
923 2346 1103 2401 pauca
1133 2345 1261 2386 sunt
1284 2336 1379 2386 sub
1406 2337 1650 2406 artificio,
1680 2355 1781 2387 non
1808 2336 1992 2387 omnia
2020 2336 2186 2386 immo

225 2433 409 2489 pauca
447 2424 713 2476 nabebunt
762 2427 1091 2491 exemplaria
1145 2427 1233 2475 vel
1257 2427 1443 2490 ydeas,
1486 2445 1607 2493 ergo
1648 2428 1897 2493 primum
1942 2444 2043 2476 non
2083 2426 2188 2475 erit

229 2515 372 2578 ydea
417 2516 656 2566 omnium
699 2517 788 2565 vel
825 2517 1096 2581 exemplar
1143 2516 1240 2565 sed
1285 2518 1637 2582 quorundam.
1719 2517 1754 2566 I
1753 2525 1855 2566 tem
1909 2517 1988 2566 ad
2026 2516 2180 2567 idem.

246 2604 291 2655 S
294 2605 317 2653 i
353 2606 622 2670 exemplar
658 2607 835 2671 aliquo
878 2606 1026 2655 modo
1070 2608 1342 2671 respondet
1379 2608 1470 2671 rei,
1512 2608 1569 2676 in
1596 2608 1781 2673 primo
1822 2615 1999 2657 autem
2041 2607 2178 2657 idem

239 2702 368 2743 sunt
390 2712 495 2743 esse
522 2703 572 2744 et
596 2712 701 2744 esse
727 2696 1009 2761 exemplar,
1038 2704 1089 2744 et
1117 2704 1179 2745 ut
1206 2704 1282 2745 est
1311 2698 1584 2762 exemplar
1612 2705 1806 2762 oportet
1829 2696 1969 2762 quod
1989 2696 2180 2762 aliquo.

236 2783 390 2833 'modo
418 2784 711 2848 conformat
745 2802 800 2834 se
840 2785 933 2845 rei,
961 2802 1079 2834 cum
1121 2786 1178 2834 in
1220 2785 1327 2850 ipso
1369 2787 1521 2836 nulla
1559 2787 1634 2836 sit
1672 2786 1995 2851 incompletio
2024 2803 2185 2851 neque

242 2873 559 2937 deformitas
600 2882 650 2922 et
689 2874 745 2922 in
793 2874 991 2923 talibus
1032 2874 1185 2924 rebus
1229 2892 1330 2924 non
1382 2874 1579 2925 liabent
1619 2876 1929 2940 conformia,
1973 2875 2187 2925 videtur

244 2963 385 3028 quod
404 2963 599 3012 talium
634 2980 832 3025 rerum,
862 2980 957 3029 que
985 2962 1181 3012 liabent
1210 2964 1651 3031 incompletionem
1683 2965 1772 3015 vel
1792 2965 2181 3029 deformitatem

243 3052 502 3117 aliquam,
554 3053 824 3117 exemplar
873 3070 974 3101 non
1014 3061 1188 3117 potest
1238 3071 1354 3103 esse.
1440 3053 1655 3105 Contra.
1717 3053 1849 3105 Cum
1902 3054 1976 3103 sit
2024 3072 2183 3104 causa

245 3142 483 3191 omnium
511 3159 678 3207 agens
709 3159 809 3191 non
847 3142 986 3191 sicut
1023 3150 1223 3191 natura
1261 3143 1358 3192 sed
1376 3153 1481 3208 per
1512 3143 1871 3209 cognitionem,
1902 3151 1952 3192 et
1976 3161 2077 3193 non
2105 3161 2181 3193 re-

246 3230 411 3296 czpiat
434 3230 651 3296 aliquid
672 3249 706 3280 a
740 3230 906 3292 rebus,
942 3239 1135 3296 oportet
1166 3232 1306 3297 quod
1331 3233 1570 3282 omnimn
1605 3249 1784 3281 rerum
1816 3232 1889 3281 sit
1913 3234 2185 3298 exemplar

245 3329 296 3370 et
334 3320 570 3370 omnium
605 3320 766 3384 ydea‚
806 3321 946 3370 sicut
986 3321 1126 3370 enim
1161 3332 1266 3386 per
1307 3323 1651 3388 cognitionem
1695 3339 1852 3371 suam
1902 3340 2063 3372 causa
2106 3332 2184 3372 est

247 3427 426 3459 rerum
455 3410 830 3474 completarum
856 3410 934 3459 sic
957 3410 1120 3459 etiam
1149 3411 1593 3476 incompletarum.
1675 3411 1867 3461 Postea
1892 3429 2009 3461 cum
2036 3413 2183 3463 dicat

247 3499 590 3565 Augustinus
615 3499 755 3564 quod
774 3499 964 3563 prima
1001 3517 1160 3549 causa
1197 3501 1451 3565 cognoscit
1479 3500 1611 3550 bona
1650 3509 1701 3550 et
1731 3502 1883 3551 mala
1910 3510 1960 3551 et
1983 3511 2182 3552 constat

245 3589 387 3655 quod
420 3606 520 3638 non
561 3589 812 3654 cognoscit
848 3589 1047 3653 aliqua,
1089 3607 1308 3654 quorum
1353 3607 1453 3639 non
1492 3591 1567 3639 sit
1602 3591 1880 3656 exemplar,
1917 3591 2020 3641 erit
2058 3609 2179 3658 ergo

1195 3677 1226 3727 7
