2512 4034
400 240 806 294 DEFENSIO
850 240 1241 292 FRATRUM
1287 240 1930 295 MENDICANTIUM
2035 248 2134 311 189

203 381 375 448 Papa.
553 385 729 437 Causa
755 401 862 450 que
888 385 973 434 hic
1001 386 1229 434 vertitur
1252 391 1502 450 patenter
1524 386 1540 414 1
1571 386 1758 437 audita

561 470 678 521 Iam
705 472 759 520 in
788 479 942 536 parte
968 472 1207 520 cernitur
1231 471 1386 536 quasi
1414 471 1677 537 expedita
1700 489 1710 533 ;

558 553 677 605 Nos
705 562 758 604 et
788 555 974 604 fratres
1003 555 1164 620 igitur
1191 554 1486 605 diffinimus
1515 558 1588 606 ita

206 640 307 703 560
551 640 714 707 Quod
743 642 950 691 mundo
978 641 1294 706 preponitur
1322 640 1580 706 regularis
1606 642 1731 693 vita.

558 772 655 824 Set
678 772 845 824 debes
872 773 1204 839 distinguere
1233 773 1469 824 breuiter
1498 781 1552 824 et
1584 778 1753 841 plane.

552 859 723 909 Aliud
750 869 833 909 est
859 860 1041 910 viuere
1070 859 1271 909 munde
1293 862 1311 890 ‘2
1338 868 1393 909 et
1422 861 1696 911 mundane
1720 880 1730 923 ;

553 945 834 995 Mundane
860 962 916 995 se
943 962 1126 1012 gerere
1152 962 1264 995 non
1291 953 1374 996 est
1402 947 1599 997 mentis
1627 963 1774 1006 sane,

552 1030 820 1082 Mundum
849 1030 1084 1082 munde3
1109 1031 1293 1097 fugere
1315 1034 1512 1082 mentis
1533 1033 1553 1061 4
1582 1033 1922 1085 Christiane.5

696 1163 924 1202 Festucam
945 1163 988 1200 in
1009 1162 1101 1201 aliis
1123 1162 1257 1201 oculis
1277 1162 1431 1202 videtis

696 1230 752 1268 Et
771 1230 814 1268 in
835 1230 984 1269 vestris
1005 1230 1188 1281 propriis
1209 1230 1372 1269 trabem
1393 1243 1481 1270 non
1504 1231 1685 1270 sentitis.

688 1301 778 1338 Vos
799 1302 868 1350 qui
889 1311 984 1338 cum
1005 1299 1245 1337 vermiculis
1267 1312 1392 1350 super
1414 1307 1562 1350 peetus
1583 1299 1666 1348 itis,

700 1368 765 1406 De
786 1367 893 1406 caeli
915 1367 1089 1406 aviculis
1104 1366 1297 1417 judicare
1319 1367 1449 1406 scitis.

705 1475 942 1526 Sequuntur
963 1474 1192 1526 discipulos
1213 1475 1424 1514 Christum
1446 1476 1627 1514 habituri
1646 1488 1653 1522 ;

695 1543 827 1582 Vobis
849 1544 992 1581 sinunt
1013 1544 1220 1591 sacculos,
1244 1543 1417 1582 credunt
1438 1556 1514 1583 suo
1529 1545 1613 1595 juri
1637 1557 1645 1592 ;

700 1611 906 1650 Scariotis
925 1611 1087 1650 loculos
1109 1617 1249 1650 tenete
1269 1611 1405 1650 securi
1424 1626 1433 1658 ;

694 1680 908 1718 Generate
929 1680 1131 1730 parvulos
1154 1679 1265 1718 sicut
1286 1679 1457 1730 Epicuri
1475 1691 1483 1726 ;

693 1747 850 1786 Melius
871 1755 935 1787 est
955 1748 1148 1798 singulos
1168 1747 1327 1786 nubere
1349 1760 1476 1798 quam
1499 1748 1574 1788 uri.

311 1842 324 1865 1
338 1848 533 1889 attenter,
555 1843 604 1881 A.
1345 1843 1361 1867 2
1377 1843 1550 1890 mundo,
1575 1845 1704 1884 MSS.

312 1910 327 1934 3
352 1917 508 1958 mente,
532 1911 582 1949 D.
603 1922 612 1957 ;
649 1910 812 1949 Mundo
833 1911 1054 1958 mundum,
1075 1912 1127 1950 A.
1351 1912 1366 1936 4
1389 1912 1514 1962 vitae,
1542 1914 1590 1952 A.

310 1978 325 2001 5
343 1977 445 2016 This
465 1981 619 2016 stanza
639 1978 674 2017 ἐς
694 1978 864 2017 omitted
886 1978 934 2029 by
959 1979 1008 2017 B.
1028 1980 1115 2018 and
1138 1980 1180 2018 S.
1197 1980 1386 2030 together
1404 1978 1609 2031 withfive
1624 1980 1742 2019 other
1756 1985 1933 2021 stanzas
1950 1982 2137 2023 inserted

215 2045 312 2085 here
333 2047 379 2086 in
402 2048 453 2085 A.
472 2058 538 2086 :—

636 2142 721 2180 Sed
740 2151 932 2182 remanet
952 2142 1157 2194 quaestio,
1180 2143 1346 2182 tediosa
1367 2143 1484 2183 satis.

644 2210 740 2249 Duo
761 2218 861 2250 sunt
880 2211 922 2250 in
942 2212 1084 2251 medio
1105 2213 1216 2263 paris
1238 2212 1441 2252 caritatis.

641 2280 739 2319 Hoc
760 2287 825 2319 est
844 2280 888 2318 in
908 2280 1136 2327 coenobio;
1166 2281 1250 2329 hic,
1272 2293 1360 2320 non
1382 2281 1600 2330 dubitatis,

634 2347 730 2398 Quo
750 2348 883 2399 major
906 2348 1111 2399 perfectio
1132 2360 1217 2400 quo
1239 2349 1334 2400 plus
1356 2350 1609 2389 sanctitatis.

635 2456 768 2495 Cedat
788 2468 916 2495 omne
932 2457 1121 2508 jurgium
1141 2469 1238 2496 cum
1258 2457 1346 2496 suis
1365 2458 1560 2509 loquelis.

637 2525 852 2564 Ponentes
872 2525 1086 2564 silentium
1108 2525 1296 2577 utrisque
1318 2526 1513 2577 querelis,

639 2591 802 2630 Damus
822 2592 1074 2631 beneficium
1094 2594 1287 2644 responsi
1314 2593 1450 2633 fidelis

637 2660 791 2707 Primo,
814 2672 951 2710 majus
973 2660 1200 2711 praemium
1221 2661 1420 2700 reddetur
1440 2662 1483 2700 in
1505 2664 1648 2702 coelis.

637 2769 746 2807 Cum
766 2767 858 2819 quis
879 2768 1110 2808 claustrum
1131 2769 1262 2821 eligit,
1285 2782 1330 2808 se
1351 2771 1650 2822 constringens
1669 2780 1785 2819 voto,

645 2835 830 2886 Lignum
854 2836 947 2874 Deo
967 2835 1156 2887 porrigit,
1179 2836 1252 2875 sed
1270 2849 1366 2877 cum
1388 2838 1526 2877 fructu
1549 2846 1641 2878 toto
1659 2851 1667 2887 ;

647 2903 756 2942 Cum
777 2904 869 2954 quis
888 2903 1091 2942 mundum
1112 2904 1258 2955 diligit,
1284 2906 1421 2944 Deum
1443 2906 1570 2946 corde
1590 2915 1697 2954 toto,

643 2971 736 3010 Deo
758 2971 938 3010 fructum
959 2971 1114 3023 dirigit,
1137 2972 1255 3024 ligno
1275 2986 1362 3012 non
1383 2982 1540 3014 amoto.

637 3079 890 3129 Exemplum
911 3079 1134 3120 considera
1154 3092 1391 3132 congruum
1412 3083 1594 3121 sermoni
1611 3094 1618 3122 :

640 3146 719 3185 Est
739 3146 859 3186 arbor
879 3147 1093 3186 fructifera
1113 3149 1318 3199 regularis
1338 3149 1439 3188 boni

637 3214 847 3254 Voluntas
867 3223 910 3253 et
929 3227 1057 3266 opera
1077 3228 1186 3267 quae
1205 3224 1307 3256 voto
1327 3217 1484 3267 deponi

638 3282 804 3329 Solent,
824 3289 867 3321 et
887 3282 946 3322 sic
967 3291 1110 3322 cetera
1128 3291 1329 3335 poterunt
1349 3284 1518 3336 exponi.

640 3390 720 3428 Pro
741 3390 937 3441 praelatis
956 3390 1140 3441 loqueris
1161 3402 1248 3430 non
1270 3401 1360 3431 erat
1380 3403 1579 3438 necesse;

641 3456 741 3496 Non
762 3463 861 3496 sunt
881 3457 942 3495 tui
964 3458 1147 3508 generis,
1170 3471 1296 3510 supra
1316 3458 1474 3498 debent
1495 3472 1602 3507 esse,

639 3524 812 3576 Quibus,
833 3531 876 3564 et
896 3537 981 3563 non
1005 3526 1169 3573 ceteris,
1195 3534 1296 3565 sunt
1321 3527 1462 3566 claves
1484 3538 1702 3575 concesse,

643 3592 680 3630 A
701 3592 821 3631 nobis
842 3593 924 3632 hoc
945 3593 1113 3632 noveris
1134 3601 1176 3633 et
1198 3594 1272 3632 tibi
1294 3594 1509 3645 prodesse.
