2512 4034
362 266 432 317 74
1159 251 1489 304 PECHAM

358 398 521 460 igitur
559 397 818 462 temporis
853 396 1098 461 ypocrite
1136 402 1190 446 et
1228 397 1454 462 quidam
1496 396 1583 446 alii
1624 398 1790 446 nostri
1831 400 2087 463 temporis
2130 415 2185 448 se
2224 400 2278 448 in

358 483 687 533 abstinentie
730 480 996 547 rigoribus
1039 488 1094 531 et
1138 481 1257 531 aliis
1308 482 1687 547 asperitatibus
1738 482 2137 548 crucifigebant,
2186 485 2278 535 sed

360 584 455 634 per
500 567 602 617 hoc
643 583 782 618 vane
826 566 998 633 glorie
1048 566 1371 619 militabant.
1452 568 1547 618 Isti
1598 575 1780 617 autem
1835 567 2127 619 antichristi
2168 587 2287 635 pre0

355 669 597 704 cursores
636 655 689 703 in
730 669 928 718 magna
966 659 1117 719 parte
1156 670 1263 718 que
1305 653 1495 703 mundi
1541 661 1668 704 sunt
1707 659 1969 713 amanteS,
2008 661 2063 703 et
2106 654 2173 703 ad
2215 672 2280 705 ea

355 738 489 789 alios
512 738 778 805 exemplis
806 747 859 789 et
887 737 1344 804 predicationibus
1372 740 1693 799 animanteS‚
1720 741 1794 789 sic
1821 741 2056 805 ypocrisi
2096 739 2285 791 stude-

356 824 495 876 bunt
533 824 699 891 quod,
723 827 868 875 carni
910 822 1222 891 parcentes}
1262 825 1389 875 solis
1428 826 1655 876 fimbriis
1695 824 1973 875 latioribus
2012 832 2066 874 et
2094 826 2284 876 huius—

358 911 509 962 modi
549 910 665 962 aliis
702 911 1114 982 auramvpopuli
1155 911 1482 978 captabunt:
1531 918 1583 961 et
1620 927 1935 977 quanquam
1981 912 2068 961 isti
2114 910 2276 962 futuri

357 999 467 1047 sint
504 996 919 1064 principaliores
945 997 1201 1048 credibile
1228 1007 1311 1049 est
1347 1005 1531 1048 tamen
1571 997 1831 1064 plurimos
1870 999 2029 1062 primi
2069 999 2286 1063 generis

357 1085 630 1149 ypocritas
669 1082 873 1133 eisdem
911 1091 1100 1133 contra
1140 1084 1445 1151 Dominum
1483 1085 1750 1135 astituros,
1857 1083 2002 1134 Ecce
2039 1085 2285 1134 veritatis.

355 1170 678 1219 testimoniis
706 1169 962 1234 descripsi
991 1168 1252 1220 familiam
1279 1169 1580 1220 antichristi
1612 1169 1883 1236 duplicem
1922 1176 1978 1220 et
2014 1168 2275 1231 dolosam,

356 1255 410 1303 in
440 1253 719 1304 mundana
745 1256 1010 1322 sapientia
1038 1255 1307 1317 callidam,
1334 1272 1598 1321 pauperes
1625 1257 2040 1323 opprimentem,
2061 1256 2281 1305 divitias

358 1346 671 1401 sectantem,
698 1340 975 1406 voluptate
1000 1340 1027 1390 f
1027 1342 1200 1404 edam,
1223 1344 1630 1408 presumptione
1649 1342 1847 1392 elatam
1870 1349 1924 1392 et
1939 1342 2284 1391 simulatione

359 1435 637 1477 armatam.
717 1427 836 1477 Hec
863 1434 944 1476 est
968 1426 1141 1477 cauda
1180 1425 1424 1478 draconis
1463 1444 1568 1494 que
1607 1429 1773 1478 traxit
1812 1429 2026 1478 tertiam
2067 1434 2276 1492 partem

356 1512 633 1563 stellarum
674 1530 869 1574 secum,
898 1521 956 1564 ut
996 1513 1125 1564 dicit
1163 1513 1346 1580 glossa
1385 1514 1557 1581 Apoc,
1607 1528 1698 1564 12:
1740 1514 1922 1576 cauda,
1962 1515 2150 1580 inquit,
2188 1514 2280 1564 de-

357 1600 631 1664 ceptiones
658 1599 851 1665 quibus
878 1599 1053 1649 celant
1079 1601 1225 1660 vitia,
1247 1607 1306 1649 ut
1331 1599 1502 1650 cauda
1521 1599 1758 1651 celantur
1777 1601 1970 1666 turpia.
2034 1598 2276 1650 Videant

357 1693 538 1734 autem
591 1686 818 1735 universi
871 1692 924 1736 et
977 1684 1212 1736 iudicent
1263 1693 1441 1736 utrum
1505 1685 1602 1736 hec
1655 1687 1832 1736 minus
1883 1685 2038 1737 alicui
2090 1686 2272 1751 generi

357 1770 640 1822 hominum
668 1772 987 1821 conveniant
1013 1787 1177 1837 quam
1209 1771 1312 1821 illis
1339 1773 1429 1838 qui
1469 1780 1686 1838 propter
1726 1770 1999 1823 Christum
2039 1772 2093 1821 in
2132 1787 2282 1836 eges--

358 1865 471 1907 tate
521 1863 816 1923 spontanea
866 1858 965 1923 ipsi
1011 1857 1274 1907 altissimo
1319 1856 1678 1907 famulantur?
1760 1858 1842 1908 De
1894 1874 2115 1907 numero
2165 1874 2283 1923 pre-

359 1942 622 1993 dictorum
675 1942 880 2009 pseudo
930 1960 1045 1993 esse
1095 1942 1346 1994 videntur
1391 1945 1483 2009 qui
1537 1945 1799 1994 bonorum
1854 1942 2275 2009 predicationem

358 2028 596 2094 dyabolo
633 2030 921 2095 instigante
962 2031 1279 2095 extinguere
1316 2037 1588 2080 conantur.
1669 2028 1829 2081 Unde
1859 2028 2028 2095 Apoo
2056 2030 2089 2080 6
2116 2027 2282 2095 (sz'c),²’>

362 2121 483 2181 post
509 2113 611 2165 hoc
651 2115 803 2165 “vidi
831 2123 1063 2180 quatuor
1094 2115 1313 2181 angelos
1349 2123 1552 2166 stantes
1589 2132 1748 2181 super
1786 2123 2011 2181 quatuor
2036 2115 2281 2180 angulos,

360 2208 516 2263 terre,
559 2207 801 2251 tenentes
839 2208 1067 2266 quatuor
1105 2207 1293 2251 ventos
1333 2209 1469 2251 terre
1506 2217 1572 2251 ne
1610 2200 1880 2251 flarent'’:
1922 2217 2019 2266 per
2053 2209 2274 2251 ventum

361 2287 767 2353 quadruplicem
820 2287 1128 2353 predicatiO,
1172 2303 1265 2353 per
1315 2295 1544 2353 quatuor
1594 2294 1772 2354 partes
1822 2287 1967 2338 orbis
2018 2294 2274 2337 terrarum.

360 2371 671 2439 intelligitur
692 2393 701 2424 z
732 2390 827 2439 per
853 2374 1150 2424 tensionem
1173 2375 1336 2439 igitur
1353 2375 1498 2423 venti
1518 2374 1832 2440 intelligitur
1853 2372 2275 2439 inpedimentum

357 2458 506 2510 verbi
533 2459 698 2509 divini
721 2477 732 2522 ;
772 2458 914 2509 unde
952 2459 1145 2524 glossa,
1173 2461 1227 2509 in
1255 2466 1496 2525 tempore
1535 2459 1890 2510 tribulationis
1916 2458 2076 2509 nichil
2106 2460 2281 2524 magis

356 2547 711 2595 necessarium
740 2561 903 2611 quam
932 2545 1224 2611 predicatio
1245 2546 1291 2607 53
1317 2554 1372 2596 et
1398 2545 1519 2595 ideo
1546 2547 1734 2596 nititur
1754 2544 2018 2610 dyabolus
2036 2545 2279 2594 detinere

355 2647 474 2681 eam
501 2632 646 2681 omni
673 2631 822 2681 loco:
863 2630 960 2681 hec
998 2631 1189 2695 glossa.
1284 2630 1607 2682 Antichristi
1649 2631 1807 2696 igitur
1846 2647 2182 2696 precursores
2221 2638 2277 2681 et

352 2716 597 2782 discipuli
623 2733 730 2766 non
758 2724 869 2766 tam
896 2724 1052 2766 erunt
1077 2733 1337 2783 pauperes
1364 2734 1531 2782 quam
1553 2733 1848 2783 pauperum
1867 2719 2268 2783 inpugnatores,

358 2802 589 2867 Aliquos
635 2810 820 2852 tamen
867 2802 1137 2853 Dominus
1175 2803 1420 2853 homines
1471 2810 1685 2853 sanctos
1733 2810 1919 2853 contra
1972 2799 2271 2852 antichristi

353 2889 652 2938 exercitum
674 2888 1005 2939 consecrabit
1026 2907 1035 2938 :
1066 2889 1136 2938 de
1155 2888 1347 2954 quibus
1366 2887 1536 2954 Apoc.
1558 2903 1592 2951 4
1614 2886 1729 2955 (sic)
1749 2905 1759 2949 ;
1777 2886 1797 2915 4
1834 2887 2277 2954 “prophetabunt

352 2973 541 3023 diebus
580 2973 728 3024 mille
766 2975 1011 3024 ducentis
1050 2974 1107 3023 lx
1135 2975 1314 3024 amicti
1344 2972 1565 3026 saccis’'.
1647 2973 1865 3024 Glossa:
1905 2973 1974 3023 de
2001 2972 2192 3023 Enoch
2219 2979 2272 3022 et

356 3058 477 3109 Elia
527 3061 701 3125 agitur
752 3077 845 3126 per
892 3077 1028 3126 quos
1078 3059 1438 3126 predicatores
1490 3061 1578 3110 alii
1632 3060 2034 3126 intelliguntur:
2086 3061 2267 3109 amicti

351 3148 532 3209 saccis,
572 3148 647 3197 i.e.
693 3146 1029 3212 predicantes
1079 3147 1430 3211 penitentiam
1483 3155 1536 3196 et
1586 3145 1843 3212 exemplo
1893 3145 2256 3195 ostendentes,

354 3233 441 3282 De
467 3233 662 3298 quibus
692 3231 1029 3297 Augustinus
1054 3232 1123 3281 de
1161 3233 1376 3281 civitate
1416 3232 1520 3281 Dei
1563 3245 1632 3282 20
1671 3228 1803 3297 [cap.
1833 3233 1989 3301 viii.]:
2031 3230 2272 3280 “Tribus

351 3320 504 3368 annis
531 3326 585 3369 et
612 3317 885 3368 mensibus
912 3335 1008 3368 sex
1036 3316 1231 3383 legitur
1255 3319 1387 3367 totis
1412 3319 1521 3367 suis
1547 3317 1745 3367 viribus
1785 3326 1838 3368 et
1876 3332 2093 3367 suorum
2133 3317 2268 3365 sevi-

352 3412 501 3454 turus
540 3412 594 3454 et
632 3404 764 3454 tales
802 3411 959 3453 erunt
995 3419 1118 3454 cum
1157 3403 1354 3468 quibus
1392 3410 1472 3453 est
1497 3405 1544 3452 ei
1575 3403 2013 3469 belligerandum,
2042 3409 2100 3452 ut
2128 3402 2279 3451 vinci>

625 3518 704 3557 lV.
727 3518 821 3556 cani
844 3517 1077 3557 studentes.
1570 3517 1732 3568 2Apoc.
1754 3517 1822 3555 vii.
1847 3529 1880 3555 1.

623 3585 702 3624 30.
722 3597 798 3623 om.
822 3585 932 3624 unde
964 3615 972 3624 .
1005 3616 1014 3624 .
1047 3615 1055 3624 .
1088 3583 1319 3636 predicatio
1567 3585 1583 3609 ⁴
1599 3586 1689 3624 B.x.
1714 3584 1861 3636 (Apoc.
1885 3583 1937 3622 xi.
1961 3583 2013 3633 3).
