2512 4034
749 267 1225 319 TRACTATUS
1269 268 1657 321 PAUPERIS
2100 287 2164 338 37

246 415 460 481 patroni
489 394 809 473 inhabitant,
836 413 968 462 sicut
994 411 1123 462 dicit
1157 411 1444 462 declaratio
1470 413 1650 478 regule
1675 432 1684 464 :
1727 416 1876 465 salvo
1901 417 2127 468 locorum
2148 417 2164 446 1

241 499 478 550 dominio
517 498 629 549 illis
672 500 750 548 ad
794 515 919 564 quos
970 495 1236 546 noscz'tzt7f2
1262 499 1542 562 pertinere.
1623 498 1737 549 Nec
1789 500 1993 565 aliquid
2032 503 2121 553 alii
2148 503 2167 532 3

243 585 376 634 dare
426 593 648 651 possunt
699 602 771 635 ex
823 600 919 634 sua
968 583 1317 633 auctoritate4
1369 600 1465 633 nec
1515 600 1698 635 servos
1750 584 1978 649 habere,
2034 591 2163 654 quin

244 670 420 736 potius
448 670 726 721 tenentur5
763 687 835 719 ex
860 669 1042 734 regula
1079 669 1306 719 invicem
1335 670 1564 732 servire3
1607 686 1706 720 nec
1745 671 1930 722 valent
1967 671 2165 739 aliquid

242 758 517 823 possidere
567 772 663 807 nec
712 763 940 822 possunt
988 771 1070 804 res
1121 755 1376 820 spoliatas
1429 764 1668 822 repetere
1719 757 1856 807 sicut
1906 774 2028 808 suas
2078 759 2164 810 vel

240 844 459 893 ecclesie
504 859 631 893 sue:
689 841 931 907 quamvis
981 840 1269 906 aliquando
1317 858 1408 891 eas
1459 842 1716 907 expediat
1768 851 2006 908 repetere
2050 845 2166 896 zelo

240 930 457 991 iustitie,
485 945 553 980 ne
579 928 736 995 inpiis
774 926 1088 977 hominibus
1126 926 1412 993 amplietur
1450 929 1535 978 via
1574 928 1948 995 malignandi.6
2025 931 2163 982 Item

239 1031 271 1065 a
299 1015 447 1066 nullo
473 1016 836 1081 inquietantur
861 1015 1149 1064 exactione
1178 1013 1376 1066 tributi.
1464 1013 1600 1065 Item
1640 1032 1740 1065 nec
1768 1014 1925 1066 rebus
1952 1016 2168 1082 quibus-

238 1117 455 1167 cunque
494 1108 716 1168 possunt
742 1101 835 1162 uti‚
864 1098 958 1150 sed
986 1099 1088 1149 illis
1128 1116 1234 1165 que
1273 1100 1498 1151 modum
1538 1100 1795 1152 altissime
1834 1103 2167 1168 paupertatis

240 1203 348 1238 non
377 1188 680 1249 excedunt;
720 1187 865 1237 unde
891 1185 1068 1236 fateor
1095 1186 1266 1237 multa
1293 1186 1502 1237 edificia
1533 1187 1733 1238 ordinis
1771 1205 1886 1238 esse
1926 1196 2168 1240 monstra

237 1273 595 1339 professionis,
672 1272 821 1323 Nihil
867 1273 1071 1323 etiam⁷
1120 1281 1346 1338 possunt
1394 1272 1592 1324 habere
1643 1274 1914 1326 breviterS
1964 1274 2018 1324 in
2061 1291 2159 1325 usu

236 1360 539 1410 domestico
576 1359 721 1425 quod
761 1358 980 1409 divicias
1021 1358 1276 1422 redoleat,
1316 1360 1402 1409 vel
1442 1359 1660 1411 delicias
1703 1359 1896 1411 foveat.
2004 1359 2169 1412 Unde

238 1446 464 1496 omnino
506 1447 635 1512 ipsis
681 1462 789 1496 non
836 1445 1117 1510 congruit-⁹
1170 1444 1370 1496 habere
1414 1447 1664 1512 granaria
1709 1447 1791 1496 vel
1838 1446 2065 1508 cellaria,
2108 1455 2167 1499 ut

234 1533 419 1583 omnia
443 1532 679 1584 clament
703 1533 929 1583 exilium
956 1538 1011 1582 et
1042 1531 1361 1583 altissimam
1403 1540 1792 1599 paupertatem,
1817 1534 1945 1600 quia
1982 1533 2165 1600 profit-

237 1625 396 1669 entur
411 1617 451 1647 1⁰
500 1626 811 1685 egestatem.
891 1618 1001 1670 Sed
1052 1634 1151 1669 nec
1202 1619 1330 1685 ipsis
1380 1620 1662 1669 succedere
1714 1627 1939 1685 possunt
1987 1618 2166 1685 aliqua

236 1704 566 1758 hereditarie.
645 1706 886 1757 Utuntur
910 1702 1070 1770 igitur
1097 1703 1252 1754 rebus
1279 1705 1673 1756 commendatis
1711 1721 1821 1755 non
1862 1705 2163 1767 intitulatis,

233 1792 361 1858 quia
400 1792 538 1843 sicut
576 1792 707 1842 dicit
745 1791 1113 1856 Augustinus:
1159 1790 1384 1842 “Tanta
1417 1797 1499 1841 est
1533 1790 1649 1841 vite
1674 1791 1834 1842 huius
1852 1791 1892 1820 11
1923 1792 2165 1842 mortalis

232 1877 515 1930 infirmitas
554 1886 612 1929 ut
651 1877 957 1945 superbiam
996 1878 1168 1942 possit
1205 1893 1463 1944 generare
1502 1877 1754 1928 securitas
1774 1877 1814 1930 ''.
1896 1878 1971 1929 Et
2017 1878 2163 1929 idem

235 1963 572 2031 Augustinus
597 1982 755 2031 super
784 1965 863 2015 ΡΞ.
893 1963 962 2016 68
983 1982 993 2017 :
1017 1961 1057 1991 1²
1096 1967 1123 1992 “
1144 1964 1208 2014 In
1235 1962 1390 2014 rebus
1414 1963 1664 2015 humanis
1689 1963 1915 2016 felicitas
1940 1972 2019 2015 est
2045 1965 2166 2032 plus

232 2053 478 2104 timenda
527 2069 691 2119 quam
743 2052 971 2117 miseria,
1025 2053 1148 2120 quia
1200 2053 1416 2103 miseria
1455 2051 1613 2103 affert
1662 2052 1981 2119 plerumque
2000 2051 2040 2081 13
2091 2069 2164 2101 ex

232 2139 579 2190 tribulatione
614 2138 840 2190 fructum
881 2139 1102 2200 bonum,
1129 2138 1354 2190 felicitas
1394 2145 1576 2189 autern
1618 2139 1886 2205 corumpit
1923 2139 2162 2188 animam

236 2242 483 2292 perversa
511 2225 794 2277 securitate
833 2233 887 2276 et
922 2226 1017 2277 dat
1054 2226 1233 2277 locum
1267 2224 1509 2291 dyabolo
1548 2225 1856 2292 temptandi
1878 2223 1969 2277 ’211
2046 2224 2166 2274 Hec

235 2310 586 2378 Augustinus,
667 2312 827 2363 Hanc
853 2314 1157 2364 nuditatem
1183 2312 1344 2364 credo
1382 2312 1684 2362 Dominum
1725 2311 1986 2378 apostolis
2022 2325 2165 2361 com-

236 2398 538 2461 mendasse,
589 2405 644 2449 et
707 2399 817 2449 scio
877 2398 1096 2450 beatum
1163 2398 1507 2448 Franciscum
1562 2396 1812 2449 fratribus
1874 2396 2164 2448 minoribus

234 2484 507 2549 reliquisse
546 2486 878 2547 sectandam,
922 2486 1110 2536 iccirco
1150 2501 1248 2552 per
1291 2485 1537 2551 spiritum
1573 2491 1820 2535 sanctum
1842 2485 1882 2515 15
1923 2482 1978 2533 in
2005 2483 2165 2534 beato

237 2570 282 2620 F
286 2570 524 2621 rancisco
550 2578 863 2623 renovatam
891 2572 1016 2638 quia
1040 2572 1094 2622 in
1124 2570 1312 2622 maiori
1341 2578 1494 2637 parte
1521 2570 1800 2622 hominum
1829 2569 2164 2636 dispensatio

231 2656 362 2706 data
387 2662 469 2707 est
494 2657 546 2707 in
576 2658 911 2709 occasionem
939 2659 1126 2708 carnis,
1211 2658 1332 2707 Hec
1359 2664 1440 2708 est
1459 2656 1499 2686 16
1525 2657 1685 2724 igitur
1705 2672 1918 2707 summa
1938 2671 2163 2723 pauper-

344 2790 357 2813 1
376 2790 534 2829 B.V.F.
565 2798 607 2829 et
627 2789 864 2830 domorum.
1112 2790 1128 2814 2
1147 2791 1195 2829 Β.
1220 2789 1385 2830 dicitur.
1606 2790 1623 2815 3
1643 2790 1803 2830 B.V.F.
1835 2789 1970 2829 alteri.

343 2857 358 2880 4
376 2858 426 2897 Ο.
455 2870 532 2897 om.
554 2871 604 2897 ex
626 2870 703 2897 sua
722 2858 991 2898 auctoritate.
1105 2859 1121 2883 5
1137 2859 1187 2899 Β.
1217 2865 1454 2898 teneantur.
1512 2859 1566 2897 V.
1597 2858 1678 2897 sibi
1700 2858 1897 2897 invicem.

344 2925 360 2949 5
380 2926 427 2966 B.
454 2925 671 2964 continues
690 2942 702 2966 .-
733 2925 861 2965 Unde
891 2925 1158 2977 Augustinus
1187 2925 1239 2965 de
1269 2938 1466 2965 sermone
1497 2925 1672 2965 Domini
1693 2927 1736 2964 in
1769 2933 1917 2965 monte
1947 2923 2163 2973 secundm

231 2994 268 3033 si
290 2994 481 3033 modeste
502 3006 551 3032 ac
572 2994 721 3033 leniter
742 2995 917 3034 omnino
937 2995 1070 3045 egerit
1091 3001 1136 3033 ut
1153 2994 1230 3032 sibi
1247 2994 1505 3044 restituatur,
1527 3006 1611 3033 non
1629 3002 1718 3032 tam
1735 2993 1963 3032 intendens
1977 2992 2162 3032 fructum

231 3063 410 3114 pecunie
432 3074 559 3114 quam
580 3069 627 3100 ut
645 3063 863 3102 hominem
883 3062 1079 3113 corrigat,
1100 3062 1168 3101 cui
1189 3062 1281 3101 sine
1302 3061 1431 3101 dubio
1461 3061 1745 3113 perniciosum
1767 3068 1832 3100 est
1861 3061 2018 3100 habere
2047 3059 2162 3099 unde

229 3130 379 3168 reddat
399 3137 441 3169 et
461 3142 547 3169 non
568 3129 754 3177 reddere,
775 3142 860 3169 non
892 3130 1030 3170 solum
1061 3142 1146 3170 non
1177 3129 1371 3180 peccabit
1400 3130 1476 3169 sed
1505 3129 1689 3180 proderit
1718 3129 1961 3181 plurimum,
1982 3136 2029 3167 ut
2060 3127 2161 3166 dum

230 3198 302 3236 ille
339 3198 522 3237 alienam
561 3198 785 3248 pecuniam
824 3198 987 3237 lucrum
1027 3198 1163 3238 facere
1201 3196 1305 3244 vult,
1346 3197 1580 3248 dampnum
1628 3196 1725 3235 fidei
1773 3196 1977 3248 paciatur.
2064 3196 2161 3236 Hec

232 3267 514 3318 Augustinus.

342 3334 357 3359 7
375 3334 529 3374 B.V.F.
561 3347 639 3373 om.
660 3334 801 3373 etiam.
1113 3332 1129 3357 ‘3
1144 3333 1188 3372 F.
1218 3345 1295 3372 om.
1318 3332 1498 3372 breviter
1518 3331 1605 3372 and
1624 3332 1811 3372 redoleat
1831 3333 1895 3372 vel
1917 3332 2104 3372 delicias.

340 3402 356 3426 9
374 3403 422 3441 F.
454 3402 670 3441 convenit.
1107 3401 1143 3426 1⁰
1159 3401 1209 3440 Ο.
1241 3401 1510 3440 confitentur.

341 3471 375 3494 11
393 3470 550 3509 B.V.F.
581 3483 657 3509 om.
679 3469 817 3509 huius.
1106 3469 1141 3493 ¹2
1158 3469 1321 3521 Migne,
1343 3469 1443 3508 Pat.
1464 3469 1567 3509 Lat.
1590 3468 1724 3508 xxxvi.
1747 3469 1827 3508 col.
1850 3470 1941 3520 840.

340 3539 376 3562 1³³
396 3539 442 3576 F.
475 3537 715 3589 plurimum.
1098 3537 1133 3561 1⁴
1152 3538 1201 3576 F.
1232 3536 1489 3588 temptatori.

341 3606 376 3629 15
394 3607 441 3644 F.
473 3606 576 3644 adds
599 3605 771 3645 scilicet.
1092 3605 1246 3644 16V.F.
1276 3619 1354 3645 om.
1376 3612 1451 3646 est.
