2512 4034
358 256 427 316 64
1145 255 1476 306 PECHAM

349 396 497 446 modi
523 396 593 446 ad
619 396 896 464 religiosos
916 415 1179 464 pauperes
1196 400 1515 465 intorquent,
1531 417 1664 465 quos
1685 408 1738 450 et
1757 400 2264 468 pseudoprophetas

346 481 632 548 appellant,
670 484 748 533 i.e.
790 481 947 533 falsos
985 484 1070 533 vel
1111 483 1346 535 fallaces.
1426 484 1506 551 (5)
1559 484 1649 535 Ad
1702 486 1805 535 hoc
1857 486 2095 552 allegant
2145 505 2267 554 pro-

346 567 554 633 phetias
594 568 872 618 cuinsdam
919 568 1253 635 prophetisse
1299 571 1572 620 teutonice
1618 571 1841 621 nomine
1892 570 2261 636 Hildegardis,

347 668 451 718 que
489 653 742 703 nonnulla
783 653 925 703 mala
964 654 1094 703 dicit
1133 653 1202 703 de
1242 654 1565 719 quibusdam
1606 655 1883 721 religiosis.

457 738 619 804 Quod
647 747 826 789 autem
855 756 948 805 per
963 739 1062 789 hos
1081 739 1317 790 debeant
1337 741 1535 790 instare
1556 740 1804 807 pericula,
1821 748 1876 791 et
1895 742 2041 807 quod
2062 743 2267 808 pseudo

347 825 454 874 sint
492 824 799 891 appellandi
826 824 1020 875 docent
1052 835 1116 888 50
1134 823 1149 851 1
1180 825 1472 876 mendaciis
1499 826 1836 877 detractoriis
1863 834 1917 876 et
1942 826 2267 877 detraction-

346 909 463 960 ibus
492 911 849 971 mendacibUS,
877 927 980 976 que
1007 910 1158 975 signa
1183 911 1471 977 appellant,
1498 929 1555 962 se
1582 912 1863 962 ostendere
1897 911 2238 964 arbitrantur.

460 1000 529 1060 (Ι)
575 996 821 1062 Quorum
849 997 1079 1062 primum
1107 1003 1188 1046 est
1215 997 1356 1062 quod
1385 997 1662 1063 predicant
1700 1013 1806 1047 non
1850 997 1995 1047 missi
2035 997 2118 1047 vel
2158 1016 2262 1048 non

345 1083 598 1133 canonice
625 1083 770 1133 missi
791 1102 803 1144 3
845 1082 1122 1148 predicant
1154 1084 1297 1133 enim
1337 1084 1406 1134 ad
1447 1085 1831 1149 predicandum
1872 1084 2115 1150 legitime
2154 1101 2263 1134 non

344 1170 516 1218 vocati
543 1168 612 1218 ab
638 1169 736 1218 hiis
762 1168 954 1233 quibus
983 1167 1164 1233 plebes
1190 1175 1315 1218 sunt
1340 1169 1639 1222 commisse.
1720 1169 1800 1234 (2)
1841 1169 2093 1221 Secundo
2119 1170 2263 1235 quod.

344 1271 451 1304 non
490 1262 631 1305 recte
670 1254 960 1319 predicant,
991 1255 1113 1319 quia
1152 1254 1283 1304 falsa
1319 1254 1404 1304 vel
1444 1255 1607 1305 dubia
1646 1271 1749 1320 que
1773 1257 1826 1304 in
1854 1256 2129 1322 scripturis
2155 1273 2266 1307 non

344 1342 686 1391 continentur
722 1348 781 1390 ut
819 1357 956 1402 vera,
987 1348 1044 1390 ut
1084 1341 1322 1391 favorem
1364 1341 1547 1407 populi
1588 1343 1887 1407 adquirant,
1913 1350 1967 1392 et
2007 1342 2266 1393 miracula

343 1444 436 1477 sua
461 1427 545 1477 vel
575 1443 793 1477 suorum
821 1434 1115 1478 ostentant.
1197 1424 1248 1491 3⁰
1274 1428 1398 1492 quia
1420 1428 1696 1493 predicant
1716 1436 1774 1478 ut
1794 1428 2038 1479 subditos
2061 1428 2263 1480 alienos

343 1514 411 1564 ad
439 1531 496 1564 se
523 1513 740 1564 trahant
766 1521 819 1564 et
846 1530 877 1563 a
902 1513 1121 1579 prelatis
1149 1515 1377 1580 propriis
1404 1521 1663 1564 avertant.
1741 1511 1795 1578 4⁰
1822 1516 1944 1580 quia
1976 1522 2264 1581 penetrant

343 1601 546 1660 domOS‚
574 1600 822 1650 rimando
837 1600 1045 1650 'scilicet
1084 1600 1438 1666 proprietates
1477 1609 1532 1650 et
1571 1601 1925 1651 conscientias
1963 1601 2263 1664 hominum,

342 1694 400 1736 ut
439 1702 531 1752 per
567 1686 664 1735 hec
705 1703 796 1736 eos
842 1685 1089 1751 redigant
1133 1687 1186 1735 in
1231 1703 1385 1736 suam
1432 1694 1759 1751 potestatem
1805 1689 1954 1752 quasi
2001 1687 2258 1753 captivos,

348 1775 396 1836 5ω
441 1774 576 1838 quia,
621 1780 679 1822 ut
723 1772 992 1822 dominari
1046 1774 1256 1823 valeant
1302 1772 1533 1822 subditis
1573 1772 1771 1835 alienis,
1820 1773 2112 1823 vendicant
2162 1774 2262 1823 sibi

343 1875 541 1908 nomen
586 1858 934 1920 auctoritatis,
979 1865 1234 1908 vocantes
1284 1874 1340 1907 se
1380 1858 1739 1924 predicatores
1783 1859 1868 1909 vel
1914 1859 2266 1924 opitulatores

340 1945 602 2011 generalis
640 1944 872 2004 ecclesie,
912 1960 1031 1993 cum
1080 1944 1423 2009 predicatoris
1474 1960 1671 1994 nomen
1723 1944 1791 1994 sit
1842 1945 2073 2005 honoriS,
2128 1946 2263 1996 sicut

343 2031 471 2081 dicit
498 2029 674 2096 glossa
702 2029 770 2079 ad
804 2029 883 2090 [L]
915 2028 1192 2079 Thimoth.
1222 2043 1250 2078 2
1285 2032 1349 2091 [v.
1380 2030 1452 2092 7],
1481 2046 1639 2095 super
1667 2030 1792 2080 illud
1822 2031 1902 2079 ‘in
1924 2048 2032 2095 quo
2053 2032 2259 2096 positus

339 2133 455 2166 sum
485 2115 783 2181 predicator
800 2114 827 2166 '.
908 2115 981 2164 Et
1008 2115 1202 2165 Vocant
1229 2130 1285 2164 se
1308 2115 1655 2180 opitulatores
1680 2117 1816 2165 sicut
1837 2132 1995 2182 opem
2014 2116 2259 2177 ferenteS,

336 2203 418 2253 vel
469 2219 565 2268 per
616 2201 1011 2252 ordinationem
1064 2201 1282 2250 ecclesie
1333 2201 1467 2251 sicut
1519 2201 1925 2251 archidiaconus
1977 2209 2068 2252 aut
2118 2201 2265 2252 dele-

337 2289 613 2354 gationem
654 2287 912 2337 maiorum
951 2285 1019 2335 ad
1058 2285 1259 2351 aliquid
1298 2284 1530 2351 speciale
1568 2285 1838 2338 destinati.
1917 2286 1972 2338 60
2010 2287 2133 2352 quia
2168 2304 2262 2336 ex-

337 2375 533 2425 cedunt
560 2390 862 2424 mensuram
903 2373 956 2422 in
995 2378 1265 2438 potestate
1304 2381 1363 2422 ut
1402 2372 1477 2422 eis
1516 2372 1619 2421 alia
1658 2373 2044 2428 committatur,
2070 2380 2265 2436 utpote

337 2462 625 2511 commissa
650 2467 918 2526 potestate
944 2458 1276 2525 predicandi,
1304 2458 1660 2523 indulgentias
1696 2458 1898 2508 faciunt
1934 2460 2040 2508 acsi
2081 2467 2259 2509 essent

334 2547 588 2614 episcopi,
635 2546 923 2597 absolvunt
966 2545 1210 2595 subditos
1262 2544 1479 2606 alienOS,
1522 2545 1858 2611 suspendunt
1907 2544 1991 2594 vel
2041 2561 2258 2595 excom-

336 2635 624 2686 municant.
704 2632 756 2698 7O
782 2634 907 2699 quia
933 2632 1184 2683 libentius
1211 2633 1494 2698 predicant
1520 2633 1784 2683 conversis
1811 2632 1879 2682 ad
1909 2631 2071 2682 fidem
2093 2649 2258 2698 quam

334 2739 444 2773 non
469 2721 756 2783 conversiS,
787 2737 818 2770 a
843 2719 1036 2786 quibus
1064 2718 1259 2769 lautius
1295 2726 1659 2784 procurantur.
1739 2718 1791 2769 8Ο
1818 2718 1944 2784 quia
1973 2718 2176 2768 vadunt
2201 2719 2255 2768 in

333 2807 658 2874 legationem
686 2807 914 2856 alienam
942 2822 1048 2855 non
1083 2804 1136 2854 in
1177 2821 1344 2868 suam,
1372 2806 1677 2870 ingerentes
1715 2821 1771 2854 se
1809 2805 1877 2854 ad
1921 2803 2259 2855 Christianos-

332 2893 591 2945 habentes
617 2901 848 2944 rectores
873 2910 1013 2943 suos
1091 2888 1145 2959 9⁰
1173 2892 1297 2957 quia
1322 2899 1550 2958 querunt
1575 2907 1774 2941 vanam
1800 2890 2027 2956 gloriam
2056 2891 2111 2939 in
2151 2890 2255 2940 dis,

333 2978 701 3047 putationibus
718 2977 1082 3036 contentiosis,
1099 2976 1408 3042 appetendo
1422 2976 1765 3041 triumphare,
1784 2984 1838 3026 et
1852 2975 2257 3042 superstitiones

332 3065 572 3117 novellas
616 3081 709 3130 per
756 3064 1045 3130 ypocrisim
1090 3063 1422 3113 inducentes
1506 3076 1571 3113 Io
1608 3063 1732 3128 quia
1769 3061 2156 3112 commendant
2200 3077 2257 3110 se

333 3153 477 3218 ipsos
503 3158 557 3200 et
582 3150 874 3200 ostendunt
900 3149 1043 3199 bona
1066 3164 1230 3214 opera
1268 3165 1378 3199 sua.
1461 3150 1543 3198 ΙΙΟ
1569 3150 1694 3213 quia
1734 3146 2005 3213 preferunt
2044 3164 2101 3196 se
2140 3146 2257 3196 aliis

334 3236 593 3302 religiosis
638 3241 692 3285 et
735 3234 1072 3285 ecclesiarum
1125 3232 1352 3298 prelatis.
1436 3229 1517 3282 12⁰
1558 3233 1683 3298 quia
1736 3232 1935 3282 faciunt
1986 3248 2156 3281 novas
2200 3237 2255 3280 et

333 3323 726 3388 superstitiosas
753 3320 1068 3371 traditiones
1094 3327 1154 3370 ut
1178 3319 1465 3369 videantur
1490 3319 1781 3369 sanctiores
1808 3318 1939 3369 aliis,
2021 3315 2104 3381 13⁰
2131 3317 2255 3382 quia

334 3408 451 3474 plus
489 3416 676 3458 amant
715 3408 989 3474 propriam
1028 3404 1253 3472 gloriam
1293 3421 1455 3470 quam
1495 3404 1669 3471 legem
1713 3403 1831 3464 Dei,
1858 3402 1983 3469 quia
2021 3419 2121 3468 pro
2155 3409 2257 3451 ter-

335 3510 462 3543 reno
500 3493 705 3543 honore
743 3508 840 3541 suo
876 3490 960 3540 vel
1003 3489 1233 3540 comodo
1272 3506 1380 3539 non
1418 3496 1667 3538 verentur
1706 3486 1958 3537 scandala
1984 3486 2248 3539 suscitare.

763 3604 777 3627 1
798 3603 856 3641 M.
879 3601 1037 3640 multis,
1098 3600 1196 3652 (See
1217 3607 1316 3638 note
1338 3607 1381 3638 at
1402 3599 1485 3637 end
1506 3600 1555 3637 of
1573 3597 1790 3648 Chapter.)
