<?xml version="1.0" encoding="UTF-8"?>
<!DOCTYPE html PUBLIC "-//W3C//DTD XHTML 1.0 Transitional//EN"
    "http://www.w3.org/TR/xhtml1/DTD/xhtml1-transitional.dtd">
<html xmlns="http://www.w3.org/1999/xhtml" xml:lang="en" lang="en">
 <head>
  <title>
</title>
<meta http-equiv="Content-Type" content="text/html;charset=utf-8" />
  <meta name='ocr-system' content='tesseract 3.04.00' />
  <meta name='ocr-capabilities' content='ocr_page ocr_carea ocr_par ocr_line ocrx_word'/>
</head>
<body>
  <div class='ocr_page' id='page_1' title='image "./fratrisjohannisp00peck_0187.png"; bbox 0 0 2512 4034; ppageno 0'>
   <div class='ocr_carea' id='block_1_1' title="bbox 398 247 2113 320">
    <p class='ocr_par' dir='ltr' id='par_1_1' title="bbox 398 247 2113 320">
     <span class='ocr_line' id='line_1_1' title="bbox 398 247 2113 320; baseline -0.013 0"><span class='ocrx_word' id='word_1_1' title='bbox 398 264 800 320; x_wconf 87' lang='lat' dir='ltr'><strong>DEFENSIO</strong></span> <span class='ocrx_word' id='word_1_2' title='bbox 842 257 1232 311; x_wconf 89' lang='lat' dir='ltr'><strong>FRATRUM</strong></span> <span class='ocrx_word' id='word_1_3' title='bbox 1277 248 1918 305; x_wconf 83' lang='lat' dir='ltr'><strong>MENDICANTIUM</strong></span> <span class='ocrx_word' id='word_1_4' title='bbox 2016 247 2113 314; x_wconf 87' lang='lat'>169</span> 
     </span>
    </p>
   </div>
   <div class='ocr_carea' id='block_1_2' title="bbox 549 391 1852 734">
    <p class='ocr_par' dir='ltr' id='par_1_2' title="bbox 549 391 1852 734">
     <span class='ocr_line' id='line_1_2' title="bbox 551 391 1852 466; baseline -0.015 -6"><span class='ocrx_word' id='word_1_5' title='bbox 551 410 695 462; x_wconf 92' lang='lat' dir='ltr'>Nolo</span> <span class='ocrx_word' id='word_1_6' title='bbox 721 416 905 459; x_wconf 87' lang='lat' dir='ltr'>tamen</span> <span class='ocrx_word' id='word_1_7' title='bbox 927 403 944 433; x_wconf 99' lang='grc'>1</span> <span class='ocrx_word' id='word_1_8' title='bbox 972 403 1145 453; x_wconf 84' lang='lat' dir='ltr'><strong>dicere</strong></span> <span class='ocrx_word' id='word_1_9' title='bbox 1173 401 1300 466; x_wconf 89' lang='lat' dir='ltr'>quin</span> <span class='ocrx_word' id='word_1_10' title='bbox 1318 399 1336 427; x_wconf 78' lang='lat'>2</span> <span class='ocrx_word' id='word_1_11' title='bbox 1365 395 1517 447; x_wconf 90' lang='lat' dir='ltr'>multi</span> <span class='ocrx_word' id='word_1_12' title='bbox 1545 391 1852 444; x_wconf 81' lang='lat' dir='ltr'>claustrales</span> 
     </span>
     <span class='ocr_line' id='line_1_3' title="bbox 549 479 1754 560; baseline -0.017 -12"><span class='ocrx_word' id='word_1_13' title='bbox 549 496 665 549; x_wconf 84' lang='lat' dir='ltr'>Sub</span> <span class='ocrx_word' id='word_1_14' title='bbox 690 493 885 560; x_wconf 84' lang='lat' dir='ltr'>agnino</span> <span class='ocrx_word' id='word_1_15' title='bbox 911 490 1102 541; x_wconf 86' lang='lat' dir='ltr'>vellere</span> <span class='ocrx_word' id='word_1_16' title='bbox 1127 504 1183 537; x_wconf 90' lang='lat' dir='ltr'>re</span> <span class='ocrx_word' id='word_1_17' title='bbox 1202 487 1220 515; x_wconf 80' lang='lat'><strong>3</strong></span> <span class='ocrx_word' id='word_1_18' title='bbox 1246 486 1350 534; x_wconf 91' lang='lat' dir='ltr'>sint</span> <span class='ocrx_word' id='word_1_19' title='bbox 1375 479 1678 532; x_wconf 78' lang='lat' dir='ltr'>criminales</span> <span class='ocrx_word' id='word_1_20' title='bbox 1702 499 1712 540; x_wconf 91' lang='lat'>;</span> <span class='ocrx_word' id='word_1_21' title='bbox 1734 484 1754 513; x_wconf 81' lang='lat'>4</span> 
     </span>
     <span class='ocr_line' id='line_1_4' title="bbox 550 566 1728 646; baseline -0.016 -14"><span class='ocrx_word' id='word_1_22' title='bbox 550 582 694 631; x_wconf 87' lang='lat' dir='ltr'>Nam</span> <span class='ocrx_word' id='word_1_23' title='bbox 722 581 811 646; x_wconf 90' lang='lat' dir='ltr'>qui</span> <span class='ocrx_word' id='word_1_24' title='bbox 837 577 1030 628; x_wconf 90' lang='lat' dir='ltr'>nolunt</span> <span class='ocrx_word' id='word_1_25' title='bbox 1049 573 1067 603; x_wconf 83' lang='lat'><strong>⁵</strong></span> <span class='ocrx_word' id='word_1_26' title='bbox 1093 574 1274 638; x_wconf 82' lang='lat' dir='ltr'>fugere</span> <span class='ocrx_word' id='word_1_27' title='bbox 1299 571 1410 619; x_wconf 90' lang='lat' dir='ltr'>vias</span> <span class='ocrx_word' id='word_1_28' title='bbox 1432 566 1728 617; x_wconf 82' lang='lat' dir='ltr'>mundiales</span> 
     </span>
     <span class='ocr_line' id='line_1_5' title="bbox 550 652 1655 734; baseline -0.018 -14"><span class='ocrx_word' id='word_1_29' title='bbox 550 668 782 734; x_wconf 84' lang='lat' dir='ltr'>Oportet</span> <span class='ocrx_word' id='word_1_30' title='bbox 808 661 1041 713; x_wconf 87' lang='lat' dir='ltr'>incidere</span> <span class='ocrx_word' id='word_1_31' title='bbox 1066 661 1120 709; x_wconf 92' lang='lat' dir='ltr'>in</span> <span class='ocrx_word' id='word_1_32' title='bbox 1147 657 1333 722; x_wconf 86' lang='lat' dir='ltr'>culpas</span> <span class='ocrx_word' id='word_1_33' title='bbox 1362 652 1655 704; x_wconf 76' lang='lat' dir='ltr'>mortales.⁶</span> 
     </span>
    </p>
   </div>
   <div class='ocr_carea' id='block_1_3' title="bbox 553 844 1928 1185">
    <p class='ocr_par' dir='ltr' id='par_1_3' title="bbox 553 844 1928 1185">
     <span class='ocr_line' id='line_1_6' title="bbox 561 844 1878 911; baseline -0.015 0"><span class='ocrx_word' id='word_1_34' title='bbox 561 860 635 911; x_wconf 89' lang='lat' dir='ltr'>Et</span> <span class='ocrx_word' id='word_1_35' title='bbox 662 859 704 909; x_wconf 92' lang='lat' dir='ltr'>si</span> <span class='ocrx_word' id='word_1_36' title='bbox 731 859 800 907; x_wconf 91' lang='lat' dir='ltr'>de</span> <span class='ocrx_word' id='word_1_37' title='bbox 819 856 837 886; x_wconf 80' lang='lat'>⁷</span> <span class='ocrx_word' id='word_1_38' title='bbox 864 863 945 906; x_wconf 90' lang='lat' dir='ltr'>tot</span> <span class='ocrx_word' id='word_1_39' title='bbox 973 852 1189 903; x_wconf 88' lang='lat' dir='ltr'>milibus</span> <span class='ocrx_word' id='word_1_40' title='bbox 1215 850 1320 900; x_wconf 90' lang='lat' dir='ltr'>sint</span> <span class='ocrx_word' id='word_1_41' title='bbox 1346 847 1532 897; x_wconf 85' lang='lat' dir='ltr'>decern</span> <span class='ocrx_word' id='word_1_42' title='bbox 1560 844 1641 896; x_wconf 86' lang='lat' dir='ltr'>vel</span> <span class='ocrx_word' id='word_1_43' title='bbox 1662 851 1878 894; x_wconf 91' lang='lat' dir='ltr'>centum</span> 
     </span>
     <span class='ocr_line' id='line_1_7' title="bbox 553 931 1833 998; baseline -0.015 0"><span class='ocrx_word' id='word_1_44' title='bbox 553 948 827 998; x_wconf 89' lang='lat' dir='ltr'>Vacantes</span> <span class='ocrx_word' id='word_1_45' title='bbox 845 943 865 973; x_wconf 76' lang='grc'>8</span> <span class='ocrx_word' id='word_1_46' title='bbox 891 939 1174 998; x_wconf 77' lang='lat' dir='ltr'>erroribUS‚</span> <span class='ocrx_word' id='word_1_47' title='bbox 1198 935 1490 987; x_wconf 89' lang='lat' dir='ltr'>condentes</span> <span class='ocrx_word' id='word_1_48' title='bbox 1510 932 1528 962; x_wconf 80' lang='lat'>9</span> <span class='ocrx_word' id='word_1_49' title='bbox 1555 931 1833 989; x_wconf 87' lang='lat' dir='ltr'>talentum,</span> 
     </span>
     <span class='ocr_line' id='line_1_8' title="bbox 558 1017 1928 1083; baseline -0.015 -1"><span class='ocrx_word' id='word_1_50' title='bbox 558 1032 650 1083; x_wconf 87' lang='lat' dir='ltr'>An</span> <span class='ocrx_word' id='word_1_51' title='bbox 677 1030 746 1081; x_wconf 88' lang='lat' dir='ltr'>ab</span> <span class='ocrx_word' id='word_1_52' title='bbox 770 1027 871 1078; x_wconf 91' lang='lat' dir='ltr'>hoc</span> <span class='ocrx_word' id='word_1_53' title='bbox 898 1044 968 1077; x_wconf 84' lang='lat' dir='ltr'>ex</span> <span class='ocrx_word' id='word_1_54' title='bbox 996 1023 1248 1075; x_wconf 89' lang='lat' dir='ltr'>omnibus</span> <span class='ocrx_word' id='word_1_55' title='bbox 1275 1034 1457 1071; x_wconf 88' lang='lat' dir='ltr'>sumus</span> <span class='ocrx_word' id='word_1_56' title='bbox 1480 1017 1519 1047; x_wconf 75' lang='lat'>10</span> <span class='ocrx_word' id='word_1_57' title='bbox 1545 1021 1928 1082; x_wconf 85' lang='lat' dir='ltr'>argumentum</span> 
     </span>
     <span class='ocr_line' id='line_1_9' title="bbox 557 1108 1828 1185; baseline -0.013 -17"><span class='ocrx_word' id='word_1_58' title='bbox 557 1116 723 1185; x_wconf 75' lang='lat' dir='ltr'>Quod</span> <span class='ocrx_word' id='word_1_59' title='bbox 749 1129 916 1165; x_wconf 89' lang='lat' dir='ltr'>vnum</span> <span class='ocrx_word' id='word_1_60' title='bbox 943 1113 997 1162; x_wconf 88' lang='lat' dir='ltr'>in</span> <span class='ocrx_word' id='word_1_61' title='bbox 1026 1109 1261 1161; x_wconf 89' lang='lat' dir='ltr'>moribus</span> <span class='ocrx_word' id='word_1_62' title='bbox 1288 1112 1510 1157; x_wconf 86' lang='lat' dir='ltr'>teneant</span> <span class='ocrx_word' id='word_1_63' title='bbox 1535 1108 1828 1153; x_wconf 89' lang='lat' dir='ltr'>accentum.</span> 
     </span>
    </p>
   </div>
   <div class='ocr_carea' id='block_1_4' title="bbox 209 1298 1870 1635">
    <p class='ocr_par' dir='ltr' id='par_1_4' title="bbox 209 1298 1754 1456">
     <span class='ocr_line' id='line_1_10' title="bbox 559 1298 1754 1377; baseline -0.014 -13"><span class='ocrx_word' id='word_1_64' title='bbox 559 1312 751 1363; x_wconf 87' lang='lat' dir='ltr'>Nonne</span> <span class='ocrx_word' id='word_1_65' title='bbox 778 1310 937 1377; x_wconf 91' lang='lat' dir='ltr'>plane</span> <span class='ocrx_word' id='word_1_66' title='bbox 964 1307 1191 1373; x_wconf 81' lang='lat' dir='ltr'>legimus</span> <span class='ocrx_word' id='word_1_67' title='bbox 1218 1301 1362 1370; x_wconf 85' lang='lat' dir='ltr'>quod</span> <span class='ocrx_word' id='word_1_68' title='bbox 1391 1298 1754 1367; x_wconf 90' lang='lat' dir='ltr'>apostolorum</span> 
     </span>
     <span class='ocr_line' id='line_1_11' title="bbox 209 1385 1721 1456; baseline -0.015 0"><span class='ocrx_word' id='word_1_69' title='bbox 209 1417 315 1456; x_wconf 85' lang='lat'>210</span> <span class='ocrx_word' id='word_1_70' title='bbox 559 1397 686 1449; x_wconf 87' lang='lat' dir='ltr'>Fuit</span> <span class='ocrx_word' id='word_1_71' title='bbox 711 1394 1061 1448; x_wconf 90' lang='lat' dir='ltr'>duodecimus</span> <span class='ocrx_word' id='word_1_72' title='bbox 1084 1391 1124 1421; x_wconf 89' lang='grc'>11</span> <span class='ocrx_word' id='word_1_73' title='bbox 1162 1390 1280 1440; x_wconf 84' lang='lat' dir='ltr'>dux</span> <span class='ocrx_word' id='word_1_74' title='bbox 1306 1385 1686 1439; x_wconf 80' lang='lat' dir='ltr'>crucifixorum</span> <span class='ocrx_word' id='word_1_75' title='bbox 1711 1401 1721 1445; x_wconf 93' lang='lat'>;</span> 
     </span>
    </p>

    <p class='ocr_par' dir='ltr' id='par_1_5' title="bbox 569 1479 1870 1536">
     <span class='ocr_line' id='line_1_12' title="bbox 569 1479 1870 1536; baseline -0.015 1"><span class='ocrx_word' id='word_1_76' title='bbox 569 1485 641 1536; x_wconf 87' lang='lat' dir='ltr'>Et</span> <span class='ocrx_word' id='word_1_77' title='bbox 668 1493 849 1535; x_wconf 91' lang='lat' dir='ltr'>tamen</span> <span class='ocrx_word' id='word_1_78' title='bbox 869 1480 910 1509; x_wconf 70' lang='lat'>12</span> <span class='ocrx_word' id='word_1_79' title='bbox 936 1479 1224 1532; x_wconf 87' lang='lat' dir='ltr'>altissimus</span> <span class='ocrx_word' id='word_1_80' title='bbox 1244 1484 1299 1526; x_wconf 92' lang='lat' dir='ltr'>et</span> <span class='ocrx_word' id='word_1_81' title='bbox 1324 1481 1538 1524; x_wconf 90' lang='lat' dir='ltr'>sanctus</span> <span class='ocrx_word' id='word_1_82' title='bbox 1564 1479 1870 1521; x_wconf 89' lang='lat' dir='ltr'>sanctorum</span> 
     </span>
    </p>

    <p class='ocr_par' dir='ltr' id='par_1_6' title="bbox 561 1556 1796 1635">
     <span class='ocr_line' id='line_1_13' title="bbox 561 1556 1796 1635; baseline -0.017 -11"><span class='ocrx_word' id='word_1_83' title='bbox 561 1572 689 1624; x_wconf 91' lang='lat' dir='ltr'>Fuit</span> <span class='ocrx_word' id='word_1_84' title='bbox 710 1571 749 1600; x_wconf 79' lang='grc'>13</span> <span class='ocrx_word' id='word_1_85' title='bbox 773 1576 954 1635; x_wconf 90' lang='lat' dir='ltr'>pastor</span> <span class='ocrx_word' id='word_1_86' title='bbox 977 1565 1218 1632; x_wconf 90' lang='lat' dir='ltr'>optimus</span> <span class='ocrx_word' id='word_1_87' title='bbox 1237 1559 1277 1589; x_wconf 70' lang='grc'>14</span> <span class='ocrx_word' id='word_1_88' title='bbox 1301 1560 1462 1611; x_wconf 89' lang='lat' dir='ltr'>huius</span> <span class='ocrx_word' id='word_1_89' title='bbox 1487 1565 1543 1609; x_wconf 93' lang='lat' dir='ltr'>et</span> <span class='ocrx_word' id='word_1_90' title='bbox 1569 1556 1796 1608; x_wconf 88' lang='lat' dir='ltr'>illorum.</span> 
     </span>
    </p>
   </div>
   <div class='ocr_carea' id='block_1_5' title="bbox 561 1748 1851 2088">
    <p class='ocr_par' dir='ltr' id='par_1_7' title="bbox 569 1748 1816 1826">
     <span class='ocr_line' id='line_1_14' title="bbox 569 1748 1816 1826; baseline -0.017 -12"><span class='ocrx_word' id='word_1_91' title='bbox 569 1763 720 1814; x_wconf 90' lang='lat' dir='ltr'>Dicis</span> <span class='ocrx_word' id='word_1_92' title='bbox 744 1758 888 1826; x_wconf 89' lang='lat' dir='ltr'>quod</span> <span class='ocrx_word' id='word_1_93' title='bbox 917 1755 1123 1815; x_wconf 89' lang='lat' dir='ltr'>deficio,</span> <span class='ocrx_word' id='word_1_94' title='bbox 1165 1751 1309 1819; x_wconf 90' lang='lat' dir='ltr'>quod</span> <span class='ocrx_word' id='word_1_95' title='bbox 1337 1750 1404 1801; x_wconf 91' lang='lat' dir='ltr'>ad</span> <span class='ocrx_word' id='word_1_96' title='bbox 1432 1748 1816 1799; x_wconf 88' lang='lat' dir='ltr'>detrimentum</span> 
     </span>
    </p>

    <p class='ocr_par' dir='ltr' id='par_1_8' title="bbox 561 1834 1851 2088">
     <span class='ocr_line' id='line_1_15' title="bbox 561 1834 1829 1904; baseline -0.017 -3"><span class='ocrx_word' id='word_1_97' title='bbox 561 1848 835 1901; x_wconf 88' lang='lat' dir='ltr'>Paulatim</span> <span class='ocrx_word' id='word_1_98' title='bbox 858 1843 899 1874; x_wconf 76' lang='grc'>15</span> <span class='ocrx_word' id='word_1_99' title='bbox 924 1842 1153 1893; x_wconf 90' lang='lat' dir='ltr'>deuenio</span> <span class='ocrx_word' id='word_1_100' title='bbox 1179 1859 1190 1904; x_wconf 88' lang='lat'>;</span> <span class='ocrx_word' id='word_1_101' title='bbox 1212 1837 1253 1867; x_wconf 77' lang='lat'>¹⁶</span> <span class='ocrx_word' id='word_1_102' title='bbox 1291 1844 1372 1888; x_wconf 91' lang='lat' dir='ltr'>set</span> <span class='ocrx_word' id='word_1_103' title='bbox 1398 1834 1829 1901; x_wconf 84' lang='lat' dir='ltr'>experimentum</span> 
     </span>
     <span class='ocr_line' id='line_1_16' title="bbox 570 1922 1851 1992; baseline -0.017 -4"><span class='ocrx_word' id='word_1_104' title='bbox 570 1936 758 1988; x_wconf 89' lang='lat' dir='ltr'>Habes</span> <span class='ocrx_word' id='word_1_105' title='bbox 785 1949 816 1983; x_wconf 92' lang='lat' dir='ltr'>e</span> <span class='ocrx_word' id='word_1_106' title='bbox 833 1931 873 1961; x_wconf 75' lang='lat'>1⁷</span> <span class='ocrx_word' id='word_1_107' title='bbox 901 1928 1182 1987; x_wconf 86' lang='lat' dir='ltr'>contrario,</span> <span class='ocrx_word' id='word_1_108' title='bbox 1210 1941 1372 1992; x_wconf 88' lang='lat' dir='ltr'>quare</span> <span class='ocrx_word' id='word_1_109' title='bbox 1393 1922 1433 1952; x_wconf 74' lang='grc'>18</span> <span class='ocrx_word' id='word_1_110' title='bbox 1460 1923 1851 1972; x_wconf 89' lang='lat' dir='ltr'>incrementum</span> 
     </span>
     <span class='ocr_line' id='line_1_17' title="bbox 568 2010 1648 2088; baseline -0.018 -13"><span class='ocrx_word' id='word_1_111' title='bbox 568 2023 786 2088; x_wconf 88' lang='lat' dir='ltr'>Vbique</span> <span class='ocrx_word' id='word_1_112' title='bbox 811 2016 1043 2082; x_wconf 89' lang='lat' dir='ltr'>suscipio</span> <span class='ocrx_word' id='word_1_113' title='bbox 1068 2022 1232 2079; x_wconf 89' lang='lat' dir='ltr'>atque</span> <span class='ocrx_word' id='word_1_114' title='bbox 1257 2010 1648 2061; x_wconf 88' lang='lat' dir='ltr'>fulcimentum.</span> 
     </span>
    </p>
   </div>
   <div class='ocr_carea' id='block_1_6' title="bbox 227 2195 1817 2531">
    <p class='ocr_par' dir='ltr' id='par_1_9' title="bbox 571 2195 1817 2447">
     <span class='ocr_line' id='line_1_18' title="bbox 573 2195 1748 2279; baseline -0.018 -14"><span class='ocrx_word' id='word_1_115' title='bbox 573 2214 646 2264; x_wconf 91' lang='lat' dir='ltr'>Et</span> <span class='ocrx_word' id='word_1_116' title='bbox 671 2210 817 2279; x_wconf 87' lang='lat' dir='ltr'>quod</span> <span class='ocrx_word' id='word_1_117' title='bbox 845 2208 914 2259; x_wconf 92' lang='lat' dir='ltr'>de</span> <span class='ocrx_word' id='word_1_118' title='bbox 939 2203 1216 2259; x_wconf 89' lang='lat' dir='ltr'>ordinibus</span> <span class='ocrx_word' id='word_1_119' title='bbox 1243 2200 1460 2252; x_wconf 92' lang='lat' dir='ltr'>duobus</span> <span class='ocrx_word' id='word_1_120' title='bbox 1481 2196 1522 2226; x_wconf 77' lang='grc'>19</span> <span class='ocrx_word' id='word_1_121' title='bbox 1548 2195 1748 2256; x_wconf 84' lang='lat' dir='ltr'>dixisti,</span> 
     </span>
     <span class='ocr_line' id='line_1_19' title="bbox 571 2280 1817 2351; baseline -0.016 0"><span class='ocrx_word' id='word_1_122' title='bbox 571 2300 659 2351; x_wconf 90' lang='lat' dir='ltr'>De</span> <span class='ocrx_word' id='word_1_123' title='bbox 685 2295 957 2349; x_wconf 90' lang='lat' dir='ltr'>mendosis</span> <span class='ocrx_word' id='word_1_124' title='bbox 984 2291 1226 2343; x_wconf 89' lang='lat' dir='ltr'>faucibus</span> <span class='ocrx_word' id='word_1_125' title='bbox 1246 2286 1286 2317; x_wconf 76' lang='lat'>2⁰</span> <span class='ocrx_word' id='word_1_126' title='bbox 1313 2286 1507 2337; x_wconf 89' lang='lat' dir='ltr'>falsum</span> <span class='ocrx_word' id='word_1_127' title='bbox 1536 2280 1817 2350; x_wconf 85' lang='lat' dir='ltr'>protulisti.</span> 
     </span>
     <span class='ocr_line' id='line_1_20' title="bbox 573 2369 1660 2447; baseline -0.018 -9"><span class='ocrx_word' id='word_1_128' title='bbox 573 2385 732 2438; x_wconf 89' lang='lat' dir='ltr'>Malis</span> <span class='ocrx_word' id='word_1_129' title='bbox 758 2383 866 2434; x_wconf 91' lang='lat' dir='ltr'>tuis</span> <span class='ocrx_word' id='word_1_130' title='bbox 894 2377 1134 2447; x_wconf 84' lang='lat' dir='ltr'>gratibus</span> <span class='ocrx_word' id='word_1_131' title='bbox 1161 2390 1374 2441; x_wconf 90' lang='lat' dir='ltr'>semper</span> <span class='ocrx_word' id='word_1_132' title='bbox 1399 2378 1548 2422; x_wconf 89' lang='lat' dir='ltr'>erant</span> <span class='ocrx_word' id='word_1_133' title='bbox 1574 2369 1660 2420; x_wconf 90' lang='lat' dir='ltr'>isti</span> 
     </span>
    </p>

    <p class='ocr_par' dir='ltr' id='par_1_10' title="bbox 227 2454 1786 2531">
     <span class='ocr_line' id='line_1_21' title="bbox 227 2454 1786 2531; baseline -0.019 1"><span class='ocrx_word' id='word_1_134' title='bbox 227 2492 333 2531; x_wconf 90' lang='lat'>220</span> <span class='ocrx_word' id='word_1_135' title='bbox 574 2472 810 2523; x_wconf 87' lang='lat' dir='ltr'>Veraces</span> <span class='ocrx_word' id='word_1_136' title='bbox 837 2469 889 2518; x_wconf 90' lang='lat' dir='ltr'>in</span> <span class='ocrx_word' id='word_1_137' title='bbox 908 2464 949 2495; x_wconf 76' lang='lat'>21</span> <span class='ocrx_word' id='word_1_138' title='bbox 979 2462 1234 2516; x_wconf 90' lang='lat' dir='ltr'>omnibus</span> <span class='ocrx_word' id='word_1_139' title='bbox 1260 2466 1547 2510; x_wconf 88' lang='lat' dir='ltr'>sectatores</span> <span class='ocrx_word' id='word_1_140' title='bbox 1575 2454 1786 2507; x_wconf 89' lang='lat' dir='ltr'>Christi.</span> 
     </span>
    </p>
   </div>
   <div class='ocr_carea' id='block_1_7' title="bbox 578 2647 1928 2809">
    <p class='ocr_par' dir='ltr' id='par_1_11' title="bbox 578 2647 1928 2809">
     <span class='ocr_line' id='line_1_22' title="bbox 578 2647 1780 2727; baseline -0.017 -13"><span class='ocrx_word' id='word_1_141' title='bbox 578 2664 706 2714; x_wconf 90' lang='lat' dir='ltr'>Tria</span> <span class='ocrx_word' id='word_1_142' title='bbox 733 2666 908 2727; x_wconf 89' lang='lat' dir='ltr'>preter</span> <span class='ocrx_word' id='word_1_143' title='bbox 934 2654 1036 2708; x_wconf 91' lang='lat' dir='ltr'>alia</span> <span class='ocrx_word' id='word_1_144' title='bbox 1062 2660 1190 2705; x_wconf 88' lang='lat' dir='ltr'>sunt</span> <span class='ocrx_word' id='word_1_145' title='bbox 1216 2668 1309 2718; x_wconf 92' lang='lat' dir='ltr'>per</span> <span class='ocrx_word' id='word_1_146' title='bbox 1334 2666 1441 2716; x_wconf 89' lang='lat' dir='ltr'>que</span> <span class='ocrx_word' id='word_1_147' title='bbox 1467 2647 1743 2699; x_wconf 87' lang='lat' dir='ltr'>saluantur</span> <span class='ocrx_word' id='word_1_148' title='bbox 1770 2662 1780 2706; x_wconf 90' lang='lat'>;</span> 
     </span>
     <span class='ocr_line' id='line_1_23' title="bbox 580 2730 1928 2809; baseline -0.016 -9"><span class='ocrx_word' id='word_1_149' title='bbox 580 2750 822 2800; x_wconf 88' lang='lat' dir='ltr'>Primum</span> <span class='ocrx_word' id='word_1_150' title='bbox 846 2751 929 2794; x_wconf 90' lang='lat' dir='ltr'>est</span> <span class='ocrx_word' id='word_1_151' title='bbox 955 2739 1193 2809; x_wconf 90' lang='lat' dir='ltr'>penuria,</span> <span class='ocrx_word' id='word_1_152' title='bbox 1223 2754 1384 2804; x_wconf 89' lang='lat' dir='ltr'>supra</span> <span class='ocrx_word' id='word_1_153' title='bbox 1409 2750 1575 2801; x_wconf 89' lang='lat' dir='ltr'>quam</span> <span class='ocrx_word' id='word_1_154' title='bbox 1604 2730 1928 2790; x_wconf 72' lang='lat' dir='ltr'>fundantur,</span> 
     </span>
    </p>
   </div>
   <div class='ocr_carea' id='block_1_8' title="bbox 580 2817 1850 2979">
    <p class='ocr_par' dir='ltr' id='par_1_12' title="bbox 580 2817 1850 2979">
     <span class='ocr_line' id='line_1_24' title="bbox 583 2817 1816 2889; baseline -0.018 -2"><span class='ocrx_word' id='word_1_155' title='bbox 583 2830 895 2888; x_wconf 85' lang='lat' dir='ltr'>Secundum</span> <span class='ocrx_word' id='word_1_156' title='bbox 922 2827 1157 2888; x_wconf 89' lang='lat' dir='ltr'>scientia,</span> <span class='ocrx_word' id='word_1_157' title='bbox 1187 2826 1241 2875; x_wconf 91' lang='lat' dir='ltr'>in</span> <span class='ocrx_word' id='word_1_158' title='bbox 1268 2840 1372 2889; x_wconf 88' lang='lat' dir='ltr'>qua</span> <span class='ocrx_word' id='word_1_159' title='bbox 1400 2817 1790 2887; x_wconf 88' lang='lat' dir='ltr'>profundantur</span> <span class='ocrx_word' id='word_1_160' title='bbox 1806 2832 1816 2878; x_wconf 86' lang='lat'>;</span> 
     </span>
     <span class='ocr_line' id='line_1_25' title="bbox 580 2899 1850 2979; baseline -0.016 -5"><span class='ocrx_word' id='word_1_161' title='bbox 580 2921 822 2974; x_wconf 91' lang='lat' dir='ltr'>Tertium</span> <span class='ocrx_word' id='word_1_162' title='bbox 849 2914 1144 2975; x_wconf 87' lang='lat' dir='ltr'>concordia,</span> <span class='ocrx_word' id='word_1_163' title='bbox 1172 2928 1266 2979; x_wconf 90' lang='lat' dir='ltr'>per</span> <span class='ocrx_word' id='word_1_164' title='bbox 1292 2925 1458 2977; x_wconf 86' lang='lat' dir='ltr'>quam</span> <span class='ocrx_word' id='word_1_165' title='bbox 1486 2899 1850 2958; x_wconf 77' lang='lat' dir='ltr'>federantur.22</span> 
     </span>
    </p>
   </div>
   <div class='ocr_carea' id='block_1_9' title="bbox 343 3080 2065 3556">
    <p class='ocr_par' dir='ltr' id='par_1_13' title="bbox 345 3080 1871 3146">
     <span class='ocr_line' id='line_1_26' title="bbox 345 3080 1871 3146; baseline -0.017 -3"><span class='ocrx_word' id='word_1_166' title='bbox 345 3104 360 3129; x_wconf 84' lang='lat'>1</span> <span class='ocrx_word' id='word_1_167' title='bbox 376 3104 433 3142; x_wconf 85' lang='lat' dir='ltr'>Et</span> <span class='ocrx_word' id='word_1_168' title='bbox 453 3113 540 3141; x_wconf 90' lang='lat' dir='ltr'>non</span> <span class='ocrx_word' id='word_1_169' title='bbox 558 3100 674 3146; x_wconf 86' lang='lat' dir='ltr'>volo,</span> <span class='ocrx_word' id='word_1_170' title='bbox 696 3099 746 3137; x_wconf 86' lang='lat' dir='ltr'><strong>A.</strong></span> <span class='ocrx_word' id='word_1_171' title='bbox 1127 3092 1144 3116; x_wconf 81' lang='lat'>2</span> <span class='ocrx_word' id='word_1_172' title='bbox 1159 3089 1287 3142; x_wconf 91' lang='lat' dir='ltr'>quod,</span> <span class='ocrx_word' id='word_1_173' title='bbox 1310 3090 1359 3129; x_wconf 89' lang='lat' dir='ltr'><strong>A.</strong></span> <span class='ocrx_word' id='word_1_174' title='bbox 1666 3082 1682 3108; x_wconf 78' lang='lat'><strong>3</strong></span> <span class='ocrx_word' id='word_1_175' title='bbox 1698 3093 1799 3127; x_wconf 88' lang='lat' dir='ltr'>non,</span> <span class='ocrx_word' id='word_1_176' title='bbox 1820 3080 1871 3118; x_wconf 92' lang='lat' dir='ltr'>A.</span> 
     </span>
    </p>

    <p class='ocr_par' dir='ltr' id='par_1_14' title="bbox 345 3137 1966 3210">
     <span class='ocr_line' id='line_1_27' title="bbox 345 3137 1966 3210; baseline -0.017 0"><span class='ocrx_word' id='word_1_177' title='bbox 345 3172 362 3196; x_wconf 77' lang='lat'><strong>⁴</strong></span> <span class='ocrx_word' id='word_1_178' title='bbox 379 3171 466 3210; x_wconf 86' lang='lat' dir='ltr'>sint</span> <span class='ocrx_word' id='word_1_179' title='bbox 484 3168 662 3208; x_wconf 90' lang='lat' dir='ltr'>multum</span> <span class='ocrx_word' id='word_1_180' title='bbox 683 3163 938 3210; x_wconf 85' lang='lat' dir='ltr'>criminales,</span> <span class='ocrx_word' id='word_1_181' title='bbox 960 3161 1014 3200; x_wconf 88' lang='lat' dir='ltr'>D.</span> <span class='ocrx_word' id='word_1_182' title='bbox 1127 3160 1142 3184; x_wconf 82' lang='lat'>5</span> <span class='ocrx_word' id='word_1_183' title='bbox 1155 3158 1316 3202; x_wconf 83' lang='lat' dir='ltr'>volunt,</span> <span class='ocrx_word' id='word_1_184' title='bbox 1341 3156 1388 3195; x_wconf 87' lang='lat' dir='ltr'>C.</span> <span class='ocrx_word' id='word_1_185' title='bbox 1414 3156 1465 3193; x_wconf 92' lang='lat' dir='ltr'>D.</span> <span class='ocrx_word' id='word_1_186' title='bbox 1664 3149 1680 3174; x_wconf 78' lang='lat'><strong>⁶</strong></span> <span class='ocrx_word' id='word_1_187' title='bbox 1694 3137 1889 3193; x_wconf 82' lang='lat' dir='ltr'>morales,</span> <span class='ocrx_word' id='word_1_188' title='bbox 1914 3146 1966 3184; x_wconf 87' lang='lat' dir='ltr'>D.</span> 
     </span>
    </p>

    <p class='ocr_par' dir='ltr' id='par_1_15' title="bbox 343 3211 2065 3347">
     <span class='ocr_line' id='line_1_28' title="bbox 343 3211 2065 3286; baseline -0.017 -7"><span class='ocrx_word' id='word_1_189' title='bbox 343 3240 362 3265; x_wconf 92' lang='lat'><strong>⁷</strong></span> <span class='ocrx_word' id='word_1_190' title='bbox 383 3239 439 3286; x_wconf 91' lang='lat' dir='ltr'>in,</span> <span class='ocrx_word' id='word_1_191' title='bbox 461 3238 511 3278; x_wconf 88' lang='lat' dir='ltr'>A.</span> <span class='ocrx_word' id='word_1_192' title='bbox 1129 3228 1145 3251; x_wconf 62' lang='grc' dir='ltr'>ὅ</span> <span class='ocrx_word' id='word_1_193' title='bbox 1163 3225 1244 3277; x_wconf 84' lang='lat' dir='ltr'>Qui</span> <span class='ocrx_word' id='word_1_194' title='bbox 1265 3229 1433 3269; x_wconf 89' lang='lat' dir='ltr'>vacent,</span> <span class='ocrx_word' id='word_1_195' title='bbox 1454 3223 1504 3260; x_wconf 91' lang='lat' dir='ltr'>A.</span> <span class='ocrx_word' id='word_1_196' title='bbox 1671 3217 1688 3242; x_wconf 84' lang='lat'>⁹</span> <span class='ocrx_word' id='word_1_197' title='bbox 1702 3216 1773 3269; x_wconf 90' lang='lat' dir='ltr'>qui</span> <span class='ocrx_word' id='word_1_198' title='bbox 1793 3212 1992 3259; x_wconf 86' lang='lat' dir='ltr'>condant,</span> <span class='ocrx_word' id='word_1_199' title='bbox 2015 3211 2065 3251; x_wconf 88' lang='lat' dir='ltr'><strong>A.</strong></span> 
     </span>
     <span class='ocr_line' id='line_1_29' title="bbox 348 3281 1868 3347; baseline -0.016 -1"><span class='ocrx_word' id='word_1_200' title='bbox 348 3307 386 3332; x_wconf 87' lang='lat'>10</span> <span class='ocrx_word' id='word_1_201' title='bbox 400 3306 466 3345; x_wconf 92' lang='lat' dir='ltr'>De</span> <span class='ocrx_word' id='word_1_202' title='bbox 487 3302 639 3344; x_wconf 84' lang='lat' dir='ltr'>ceteris</span> <span class='ocrx_word' id='word_1_203' title='bbox 657 3300 853 3340; x_wconf 86' lang='lat' dir='ltr'>omnibus</span> <span class='ocrx_word' id='word_1_204' title='bbox 871 3298 960 3347; x_wconf 85' lang='lat' dir='ltr'>fiat,</span> <span class='ocrx_word' id='word_1_205' title='bbox 980 3299 1055 3345; x_wconf 85' lang='lat' dir='ltr'><strong>A.;</strong></span> <span class='ocrx_word' id='word_1_206' title='bbox 1085 3294 1173 3342; x_wconf 85' lang='lat' dir='ltr'>fiet,</span> <span class='ocrx_word' id='word_1_207' title='bbox 1197 3295 1240 3333; x_wconf 88' lang='lat' dir='ltr'>S.</span> <span class='ocrx_word' id='word_1_208' title='bbox 1672 3285 1707 3310; x_wconf 88' lang='grc'>11</span> <span class='ocrx_word' id='word_1_209' title='bbox 1724 3295 1786 3331; x_wconf 88' lang='lat'>12,</span> <span class='ocrx_word' id='word_1_210' title='bbox 1815 3281 1868 3322; x_wconf 93' lang='lat' dir='ltr'>D.</span> 
     </span>
    </p>

    <p class='ocr_par' dir='ltr' id='par_1_16' title="bbox 349 3350 1979 3416">
     <span class='ocr_line' id='line_1_30' title="bbox 349 3350 1979 3416; baseline -0.017 -2"><span class='ocrx_word' id='word_1_211' title='bbox 349 3375 386 3400; x_wconf 78' lang='lat'>12</span> <span class='ocrx_word' id='word_1_212' title='bbox 400 3373 564 3413; x_wconf 87' lang='lat' dir='ltr'>Tamen</span> <span class='ocrx_word' id='word_1_213' title='bbox 585 3383 669 3416; x_wconf 84' lang='lat' dir='ltr'>reX‚</span> <span class='ocrx_word' id='word_1_214' title='bbox 693 3371 740 3409; x_wconf 90' lang='lat' dir='ltr'>A.</span> <span class='ocrx_word' id='word_1_215' title='bbox 1132 3364 1168 3389; x_wconf 81' lang='lat'>13</span> <span class='ocrx_word' id='word_1_216' title='bbox 1186 3364 1303 3409; x_wconf 89' lang='lat' dir='ltr'>Erat,</span> <span class='ocrx_word' id='word_1_217' title='bbox 1323 3363 1373 3400; x_wconf 92' lang='lat' dir='ltr'>A.</span> <span class='ocrx_word' id='word_1_218' title='bbox 1668 3353 1705 3379; x_wconf 75' lang='lat'>14</span> <span class='ocrx_word' id='word_1_219' title='bbox 1719 3353 1907 3397; x_wconf 84' lang='lat' dir='ltr'>intimus,</span> <span class='ocrx_word' id='word_1_220' title='bbox 1928 3350 1979 3388; x_wconf 88' lang='lat' dir='ltr'>A.</span> 
     </span>
    </p>

    <p class='ocr_par' dir='ltr' id='par_1_17' title="bbox 350 3420 1889 3493">
     <span class='ocr_line' id='line_1_31' title="bbox 350 3420 1889 3493; baseline -0.016 -11"><span class='ocrx_word' id='word_1_221' title='bbox 350 3443 386 3468; x_wconf 81' lang='lat'>15</span> <span class='ocrx_word' id='word_1_222' title='bbox 403 3439 619 3493; x_wconf 84' lang='lat' dir='ltr'>Quotidie,</span> <span class='ocrx_word' id='word_1_223' title='bbox 641 3439 690 3478; x_wconf 92' lang='lat' dir='ltr'>A.</span> <span class='ocrx_word' id='word_1_224' title='bbox 1126 3432 1159 3457; x_wconf 71' lang='grc'>16</span> <span class='ocrx_word' id='word_1_225' title='bbox 1173 3430 1322 3475; x_wconf 89' lang='lat' dir='ltr'>deicio,</span> <span class='ocrx_word' id='word_1_226' title='bbox 1346 3429 1393 3467; x_wconf 93' lang='lat' dir='ltr'>C.</span> <span class='ocrx_word' id='word_1_227' title='bbox 1669 3422 1706 3447; x_wconf 82' lang='lat'>1⁷</span> <span class='ocrx_word' id='word_1_228' title='bbox 1727 3432 1815 3473; x_wconf 89' lang='lat' dir='ltr'>pro,</span> <span class='ocrx_word' id='word_1_229' title='bbox 1839 3420 1889 3458; x_wconf 89' lang='lat' dir='ltr'><strong>A.</strong></span> 
     </span>
    </p>

    <p class='ocr_par' dir='ltr' id='par_1_18' title="bbox 350 3493 1653 3556">
     <span class='ocr_line' id='line_1_32' title="bbox 350 3493 1653 3556; baseline -0.015 -6"><span class='ocrx_word' id='word_1_230' title='bbox 350 3510 387 3536; x_wconf 78' lang='grc'>18</span> <span class='ocrx_word' id='word_1_231' title='bbox 401 3522 501 3550; x_wconf 89' lang='lat' dir='ltr'>nam</span> <span class='ocrx_word' id='word_1_232' title='bbox 522 3515 578 3556; x_wconf 87' lang='lat' dir='ltr'>et,</span> <span class='ocrx_word' id='word_1_233' title='bbox 599 3509 650 3546; x_wconf 89' lang='lat' dir='ltr'><strong>A.</strong></span> <span class='ocrx_word' id='word_1_234' title='bbox 1119 3499 1154 3525; x_wconf 82' lang='lat'>1⁹</span> <span class='ocrx_word' id='word_1_235' title='bbox 1166 3498 1332 3538; x_wconf 89' lang='lat' dir='ltr'>duobus</span> <span class='ocrx_word' id='word_1_236' title='bbox 1351 3494 1578 3540; x_wconf 86' lang='lat' dir='ltr'>ordinibus,</span> <span class='ocrx_word' id='word_1_237' title='bbox 1600 3493 1653 3531; x_wconf 90' lang='lat' dir='ltr'>D.</span> 
     </span>
    </p>
   </div>
   <div class='ocr_carea' id='block_1_10' title="bbox 349 3553 2071 3621">
    <p class='ocr_par' dir='ltr' id='par_1_19' title="bbox 349 3553 2071 3621">
     <span class='ocr_line' id='line_1_33' title="bbox 349 3553 2071 3621; baseline -0.017 -2"><span class='ocrx_word' id='word_1_238' title='bbox 349 3578 388 3604; x_wconf 82' lang='lat'>2⁰</span> <span class='ocrx_word' id='word_1_239' title='bbox 402 3577 578 3621; x_wconf 88' lang='lat' dir='ltr'>facibus,</span> <span class='ocrx_word' id='word_1_240' title='bbox 610 3575 659 3614; x_wconf 88' lang='lat' dir='ltr'>C.</span> <span class='ocrx_word' id='word_1_241' title='bbox 1121 3567 1156 3592; x_wconf 81' lang='lat'>21</span> <span class='ocrx_word' id='word_1_242' title='bbox 1171 3578 1284 3618; x_wconf 88' lang='lat' dir='ltr'>prae,</span> <span class='ocrx_word' id='word_1_243' title='bbox 1309 3566 1357 3605; x_wconf 84' lang='lat' dir='ltr'><strong>A.</strong></span> <span class='ocrx_word' id='word_1_244' title='bbox 1688 3558 1725 3583; x_wconf 70' lang='lat'>‘³⁶2</span> <span class='ocrx_word' id='word_1_245' title='bbox 1737 3560 1995 3600; x_wconf 84' lang='lat' dir='ltr'>veterantur,</span> <span class='ocrx_word' id='word_1_246' title='bbox 2018 3553 2071 3591; x_wconf 95' lang='lat' dir='ltr'>D.</span> 
     </span>
    </p>
   </div>
  </div>
 </body>
</html>
