2512 4034
371 279 472 342 146
1162 276 1494 329 PECHAM

366 435 443 471 12.
489 438 538 486 q.
595 421 656 481 1,1
702 420 978 479 Futuram,
1026 420 1171 485 quod
1219 420 1455 487 apostoli
1503 420 1689 485 predia
1734 436 1841 469 non
1888 421 2194 474 habuerunt
2242 425 2294 474 in

359 507 545 572 Judea.
615 507 739 557 Hoc
759 508 924 557 etiam
955 505 1266 557 manifestat
1285 508 1398 557 vita
1420 521 1609 555 eorum
1627 512 1681 555 et
1703 506 1985 570 pauperies
2013 510 2257 573 superius
2276 509 2294 537 2

360 592 642 642 declarata.

424 679 491 730 R.
535 678 601 727 H
601 677 670 727 iis
687 678 868 744 igitur,
892 676 1175 738 carissimi,
1194 677 1272 727 ad
1284 685 1457 727 status
1478 677 1646 726 nostri
1663 676 1990 727 dilectionem
1999 678 2293 742 prelibatis,

362 784 665 834 consequens
704 775 781 816 est
817 775 877 816 ut
915 767 1122 816 nullam
1153 775 1437 831 personam
1476 774 1574 816 aut
1595 774 1766 815 status
1786 765 1804 794 3
1832 775 2254 831 contempnamus
2271 788 2295 828 ‚-

361 856 504 907 nilzil
519 856 658 906 enim
667 856 881 921 prodest
899 856 1036 905 circa
1057 854 1299 908 bumana
1318 863 1519 906 statuta
1546 855 1841 916 sollicitari,
1861 855 2050 905 divina
2071 856 2298 907 iussione

362 947 603 1013 neglecta,
632 962 728 1011 que
741 944 966 1010 precipit
983 944 1002 972 4
1017 945 1329 1010 proximum
1356 963 1390 994 a
1419 945 1563 994 nobis
1588 945 1754 1010 diligi
1785 945 1925 994 sicut
1949 946 2292 1010 nosmetipsos,

361 1044 423 1086 ut
446 1035 539 1086 ubi
555 1037 573 1065 5
601 1035 778 1085 beatus
805 1034 1145 1100 Augustinus
1163 1034 1301 1084 docet
1325 1034 1532 1083 nomine
1545 1034 1789 1099 proximi
1805 1051 2009 1084 omnem
2030 1033 2293 1084 bominem

358 1125 608 1192 intelligi.
690 1125 896 1173 Nullus
916 1124 1087 1190 igitur
1103 1122 1253 1173 bomo
1281 1124 1368 1173 vel
1387 1132 1560 1173 status
1587 1131 1756 1173 nostre
1782 1123 2086 1186 dilectionis,
2116 1141 2211 1189 que
2238 1124 2296 1174 in

356 1216 473 1266 Deo
501 1223 590 1275 est,
612 1223 790 1279 expers
816 1214 1136 1274 inveniatur,
1156 1213 1285 1278 quia
1312 1213 1408 1278 qui
1439 1213 1678 1262 inimicos
1705 1212 1845 1262 iubet
1867 1213 2104 1279 diligere,
2132 1213 2296 1263 nemi-

367 1322 486 1355 nem
529 1303 594 1354 ab
633 1321 812 1354 amore
851 1303 967 1352 vult
1001 1303 1218 1354 excludi.
1299 1302 1532 1352 Proinde
1558 1304 1710 1368 longe
1735 1321 1769 1352 a
1798 1302 1940 1352 nobis
1966 1303 2078 1352 sint
2101 1303 2298 1352 detrac-

351 1395 533 1456 tiones,
575 1393 924 1453 oblocutiones,
966 1392 1379 1457 vitigoerationes,
1419 1392 1863 1454 subsannationes,
1912 1391 2298 1442 maledictiones

352 1492 473 1534 „tam
513 1493 867 1548 personarunt
921 1500 1082 1548 quam
1134 1489 1371 1531 statuum
1418 1481 1667 1542 omnium,
1714 1481 2062 1546 comparative
2105 1498 2300 1547 quoque

354 1572 827 1623 commendationes
879 1589 975 1638 que
1027 1572 1156 1621 aliis
1195 1571 1529 1636 preiudicare
1580 1571 1831 1621 videntur
1855 1589 1878 1630 ,·
1939 1571 2214 1621 relationes
2252 1579 2303 1620 et

354 1663 646 1714 delationes
697 1661 1014 1723 huiusmodi,
1069 1662 1122 1712 si
1170 1661 1551 1722 audiverimus,
1614 1660 1962 1726 corripiamus
2015 1668 2064 1710 et
2112 1678 2297 1711 aurem

361 1770 480 1803 cum
502 1756 521 1785 6
562 1752 708 1802 tristi
745 1753 895 1802 vultu
935 1751 1244 1817 denegemus
1282 1751 1369 1802 eis.
1464 1750 1611 1800 Licet
1646 1749 1787 1800 enim
1823 1757 2022 1800 statum
2063 1758 2298 1800 nostrum

361 1843 619 1893 veraciter
654 1841 1014 1892 commendare
1051 1857 1115 1890 ex
1150 1840 1315 1890 debito
1356 1840 1598 1890 caritatis
1632 1848 1916 1901 teneamur,
1959 1840 2100 1889 nulli
2124 1848 2298 1890 tamen

366 1933 422 1982 in
461 1931 657 2000 ffnsa
698 1931 904 1981 iustitia
939 1930 1187 1997 derogare
1217 1929 1629 1994 valemus.-—J0.
1671 1927 1721 1980 O
1761 1930 1999 1978 catulum
2039 1927 2207 1978 leonis
2247 1929 2300 1978 in

367 2021 563 2073 abditis
603 2020 959 2080 habitantem,
994 2018 1167 2070 cauda
1206 2020 1402 2069 astutie
1442 2017 1651 2084 prefixa
1692 2017 1916 2082 vestigia
1951 2016 2300 2082 complanan-

367 2115 480 2158 tem
501 2107 508 2156 ἒ
532 2108 550 2138 ⁷
593 2106 894 2157 Detraxisti
918 2113 1184 2171 quantum
1208 2106 1263 2155 in
1283 2111 1337 2155 te
1359 2111 1439 2155 est
1460 2104 1637 2154 stellas
1654 2102 1673 2132 8
1689 2102 1786 2152 celi
1809 2103 1863 2152 in
1883 2102 2059 2152 lutum
2081 2122 2092 2163 3
2134 2108 2300 2152 status

371 2195 536 2245 etiam
564 2193 891 2258 comparasti
915 2207 1077 2257 super
1096 2199 1240 2242 astra
1258 2190 1358 2240 celi
1387 2188 1685 2240 exaltando
1706 2188 1900 2238 solium
1928 2196 2099 2238 tuum.
2177 2187 2302 2237 EX9

369 2280 577 2330 numeri
606 2277 853 2344 quadrati
881 2276 1037 2327 solidi
1065 2275 1502 2342 responsionibus
1531 2286 1613 2338 27,
1634 2274 1795 2324 credo
1820 2273 1987 2324 solide
2015 2274 2175 2323 fuisse
2195 2275 2301 2324 tuis

369 2365 697 2430 calumpniis
725 2362 1074 2414 satisfactum.
1147 2362 1341 2412 Pareat
1365 2361 1464 2411 tibi
1506 2361 1670 2421 Deus,
1699 2361 1791 2425 qui
1821 2377 1909 2410 me
1934 2359 2034 2410 hec
2065 2360 2242 2410 dicere
2262 2358 2302 2388 10

370 2450 693 2517 compulisti,
718 2450 810 2515 qui
837 2450 1094 2499 terminos
1109 2456 1230 2498 tuos
1246 2447 1428 2498 volens
1449 2446 1692 2508 dilatare,
1720 2447 1976 2496 terminos
2003 2462 2300 2511 pauperum

373 2537 643 2597 coartasti‚
669 2553 792 2586 cum
822 2533 1082 2600 scriptum
1110 2535 1180 2584 sit
1207 2533 1428 2585 Deuter.
1461 2544 1527 2596 27
1558 2536 1582 2557 “
1604 2531 1928 2582 Maledictus
1953 2532 2045 2597 qui
2066 2529 2105 2560 Γ*
2133 2537 2304 2582 trans-

370 2624 475 2674 fert
513 2623 771 2673 terminos
812 2621 1049 2687 proximi
1089 2621 1171 2670 sui
1189 2619 1253 2667 '':
1309 2627 1364 2669 et
1404 2620 1600 2669 iterum
1640 2616 2008 2668 “maledictus
2050 2618 2142 2682 qui
2188 2634 2305 2682 per-

378 2709 544 2760 cussit
562 2709 602 2738 12
654 2707 795 2759 clam
853 2707 1165 2775 proximum
1220 2721 1378 2756 suum
1402 2702 1442 2756 ’'.
1532 2704 1641 2754 Det
1687 2704 1791 2754 ¹tibi
1848 2703 2000 2752 Deus
2051 2703 2301 2768 spiritum

376 2793 805 2860 compunctionis
845 2799 898 2843 et
937 2790 1371 2843 maledictionem
1413 2795 1718 2840 commutet
1756 2790 1811 2838 in
1854 2788 2302 2849 benedictionem,

382 2888 443 2932 ut
486 2880 782 2947 predictam
831 2877 1023 2945 diligas
1066 2879 1367 2929 veritatem.
1470 2875 1655 2927 Amen
1672 2873 1710 2904 13
1754 2882 1808 2925 et
1851 2875 1925 2924 sic
1965 2873 2104 2925 finis.
2184 2873 2305 2923 Deo

378 2968 594 3032 gratias
673 2964 870 3016 Amen.

488 3130 503 3154 1
527 3128 642 3168 Dicit
671 3128 796 3168 etiam
824 3126 1057 3178 capitulum
1077 3126 1145 3166 xii.
1169 3139 1207 3178 q.
1234 3139 1269 3173 1,
1292 3127 1340 3164 Β.
1366 3125 1553 3178 (Decreti
1579 3126 1636 3164 ΙΙ.
1666 3125 1781 3172 Pars,
1807 3136 1936 3163 causa
1958 3124 2056 3162 XII.
2083 3128 2248 3173 quaest.
2271 3122 2303 3160 Ι.

380 3210 470 3250 cap.
504 3199 582 3248 15).

490 3264 724 3315 2superius,
746 3276 822 3302 om.
845 3262 894 3302 A.
1093 3263 1109 3288 3
1124 3274 1401 3314 personarum
1422 3268 1496 3300 aut
1515 3261 1629 3308 stat'‚
1655 3261 1701 3299 B.
1832 3259 1848 3283 4
1865 3258 1936 3311 qui
1955 3257 2157 3310 precepit,
2183 3257 2231 3294 B.

493 3334 508 3357 5
525 3339 584 3378 ut,
609 3332 658 3370 B.
684 3343 692 3377 ;
723 3330 807 3377 ubi,
828 3330 878 3368 A.
903 3329 956 3382 (?)
1094 3329 1110 3354 ⁶
1127 3342 1271 3369 aurem
1291 3328 1497 3376 contristi,
1518 3330 1567 3367 A.
1825 3326 1841 3352 ⁷
1855 3325 2231 3377 complantantem,
2253 3324 2303 3363 A.

492 3400 508 3424 8
524 3398 709 3444 estellaS‚
737 3399 786 3436 A.
1094 3396 1110 3421 9
1126 3403 1181 3443 et,
1205 3397 1254 3435 A.
1821 3394 1856 3418 1⁰
1870 3394 1948 3433 hec
1968 3392 2045 3432 tibi
2065 3391 2212 3439 dicere,
2237 3392 2285 3429 B.

493 3467 528 3491 11
546 3465 631 3517 qui,
651 3478 729 3504 om.
760 3466 809 3503 A.
1091 3464 1127 3488 12
1142 3464 1409 3515 percusserit,
1434 3463 1482 3501 Β.

493 3534 529 3558 13
547 3534 602 3571 Et
621 3532 963 3572 maledictionem
984 3530 1275 3571 benedictione
1295 3537 1529 3571 commutet
1548 3537 1594 3570 ut
1610 3529 1884 3581 prescriptam
1903 3528 2053 3579 diligas
2072 3525 2311 3565 veritatem.

387 3602 538 3646 Amen,
559 3612 694 3638 amen.
720 3600 768 3637 B.
794 3599 948 3650 (where
970 3599 1040 3638 the
1061 3597 1234 3650 explicit
1253 3599 1287 3637 is
1306 3598 1529 3650 wanting).
