2512 4034
709 269 1188 322 TRACTATUS
1234 269 1624 321 PAUPERIS
2066 273 2135 339 69

202 414 471 464 contrario
500 415 663 464 modo
691 432 760 464 ex
786 414 958 464 causis
986 412 1262 463 contrariis
1288 413 1618 478 providente,
1640 430 1736 463 nec
1759 414 1899 464 viros
1921 422 2134 465 sanctos

204 517 299 567 per
335 501 437 550 hoc
479 508 762 550 vereantur
802 499 1132 550 mendaciter
1170 497 1465 559 diffamare,
1505 515 1600 547 nec
1642 506 1849 548 cessent
1900 501 2136 565 prelatos

202 586 550 651 simpliciores
579 584 882 651 theologice
908 583 1153 634 doctrine
1189 584 1419 648 ignaros,
1450 583 1539 633 ubi
1580 585 1800 648 possint,
1829 584 1972 634 falsis
2012 585 2135 635 alle-

202 672 505 737 gationibus
545 688 641 737 pro
679 670 880 720 viribus
927 668 1194 719 inclinare.
1276 667 1370 717 Hii
1412 667 1691 718 carnaliter
1737 677 1790 719 et
1830 670 2135 720 seculariter

202 758 510 822 prudentes,
566 755 849 822 prudentie
900 755 1118 821 spiritus
1179 761 1305 803 sunt
1354 763 1621 820 expertes,
1674 756 1818 805 unde
1868 756 2136 806 catholica

202 841 345 906 Jude
391 857 419 892 2
466 842 532 901 [v.
584 844 694 908 19]:
751 841 867 890 “hii
913 845 1036 890 sunt
1087 840 1179 905 qui
1231 848 1519 905 segregant
1570 858 1626 889 se
1677 842 1823 906 ipsos
1874 842 2136 892 animales

202 928 448 994 spiritum
477 944 586 978 non
614 927 870 978 habentes
891 926 943 977 ”.
1023 925 1339 991 Segregant,
1367 926 1560 991 glossa,
1587 943 1618 975 a
1653 934 1796 977 sorte
1836 928 2098 977 iustorum
2123 949 2134 991 ;

202 1014 476 1076 animaleS,
503 1014 682 1064 anime
707 1013 1199 1078 concupiscentiam
1227 1019 1527 1077 sequentes,

316 1103 388 1165 (3)
435 1100 574 1149 Item
602 1106 759 1149 erunt
786 1099 869 1148 isti
897 1096 1137 1148 crudeles
1165 1113 1511 1164 oppressores
1537 1114 1810 1148 servorum
1848 1098 2045 1150 Christi
2083 1108 2138 1151 et

202 1187 453 1252 precipue
498 1202 815 1252 pauperum.
899 1184 1063 1235 Unde
1114 1183 1408 1250 Gregorius
1462 1184 1650 1235 Moral.
1703 1198 1764 1248 13
1818 1191 1952 1251 [cap.
2001 1186 2132 1248 xi.]:

203 1273 229 1295 “
249 1271 365 1321 illos
386 1272 636 1337 precipue
662 1271 715 1320 in
742 1278 928 1321 sancta
946 1270 1171 1320 ecclesia
1191 1277 1586 1336 persequuntur
1603 1287 1737 1336 quos
1759 1271 1941 1321 multis
1960 1272 2137 1322 sciunt

201 1372 318 1406 esse
369 1356 748 1423 profuturos’'.
827 1356 911 1406 Eo
963 1357 1107 1406 enim
1156 1357 1274 1422 ipso
1325 1373 1434 1422 quo
1487 1358 1539 1406 in
1586 1356 1744 1406 rebus
1796 1357 2136 1422 presentibus

200 1442 540 1495 delectantur
555 1443 884 1494 contrarium
904 1460 1001 1509 pro
1018 1442 1218 1493 Viribus
1240 1442 1515 1493 destruere
1535 1443 1890 1495 conabimur.1
1972 1443 2137 1495 Unde

202 1529 385 1594 glossa
436 1531 575 1581 illius
624 1530 773 1581 verbi
823 1529 958 1582 Psal.
1002 1548 1035 1597 9
1079 1535 1144 1594 [v.
1172 1531 1224 1593 9]
1269 1529 1361 1580 ubi
1409 1529 1475 1579 de
1522 1530 1862 1580 Antichristo
1907 1529 2133 1583 dicitur:

205 1615 418 1667 “Oculi
469 1617 584 1667 eius
634 1617 688 1666 in
740 1633 1030 1683 pauperem
1084 1616 1464 1682 respiciunt'';
1523 1616 1651 1666 dicit
1702 1616 1809 1668 sic:
1865 1618 2033 1667 iustos
2082 1625 2136 1668 et

200 1718 462 1769 pauperes
526 1704 728 1769 spiritu,
779 1719 1010 1769 quorum
1074 1710 1156 1753 est
1219 1719 1446 1769 regnum
1498 1702 1734 1752 celorum
1785 1702 2134 1753 antichristus

203 1791 446 1841 maxime
472 1798 836 1857 persequetur.
917 1790 1026 1856 Qui
1053 1797 1235 1840 autem
1262 1806 1521 1856 pauperes
1541 1790 1939 1856 appellerentur
1959 1798 2136 1841 osten-

201 1879 281 1929 dit
318 1876 499 1943 glossa
538 1876 677 1926 illius
715 1893 899 1927 versus
939 1877 1215 1942 sequentis
1256 1874 1324 1941 [v.
1376 1878 1490 1945 14]:
1533 1876 1673 1927 “tibi
1720 1876 2005 1927 derelictus
2057 1885 2137 1928 est

201 1963 490 2032 pauper'':
534 1963 744 2014 dicens:
801 1980 1006 2030 pauper
1043 1971 1127 2014 est
1171 1963 1422 2014 omnibus
1466 1963 1625 2013 huius
1668 1965 1858 2014 mundi
1900 1970 2136 2031 tempor-

199 2051 372 2102 alibus
399 2050 680 2112 derelictiS‚
710 2057 769 2100 ut
796 2058 854 2100 tu
883 2058 1100 2100 tantum
1129 2050 1202 2100 sis
1243 2067 1365 2116 spes
1392 2050 1520 2101 eius
1602 2050 1826 2101 Certum
1867 2059 1950 2101 est
1988 2052 2136 2117 quod

202 2137 570 2188 Antichristus
597 2142 650 2186 et
677 2135 922 2201 discipuli
950 2137 1062 2186 eius
1090 2135 1159 2185 ad
1187 2135 1331 2185 idem
1359 2136 1715 2188 conabuntur.
1795 2137 1880 2187 De
1907 2154 2137 2188 numero

199 2240 328 2290 ergo
368 2238 743 2289 precursorum
770 2238 991 2272 suorum
1019 2238 1136 2272 esse
1167 2221 1435 2284 videntur,
1467 2239 1572 2288 que
1609 2230 1799 2273 contra
1837 2231 2134 2289 egestatem

201 2318 254 2360 et
297 2316 695 2375 paupertatem,
746 2324 910 2373 quam
952 2306 1201 2359 Christus
1247 2307 1413 2359 verbo
1459 2315 1513 2358 et
1559 2309 1818 2374 exemplo
1860 2326 2132 2359 commen-

201 2396 361 2456 davit,
413 2395 544 2445 totis
592 2393 794 2444 viribus
846 2394 1255 2445 machinantur:
1311 2402 1366 2444 et
1414 2393 1487 2443 hii
1533 2395 1661 2461 quia
1706 2402 1834 2445 sunt
1884 2394 2135 2445 contrarii

202 2481 434 2547 improbi
484 2488 772 2533 amatores,
854 2479 994 2530 Item
1041 2496 1202 2546 super
1247 2478 1375 2530 illud
1423 2479 1559 2532 Gen.
1602 2496 1672 2546 49
1714 2477 1784 2543 [V.
1835 2483 1952 2550 17]:
1997 2480 2135 2531 “fiat

205 2566 329 2616 Dan
358 2565 577 2616 coluber
603 2568 657 2616 in
683 2566 785 2626 via,
813 2574 1047 2616 cerastes
1074 2567 1126 2615 in
1155 2566 1402 2628 semita‚'’
1447 2568 1576 2617 dicit
1614 2568 1822 2632 glossa:
1865 2567 1965 2617 Est
2002 2568 2134 2616 anti-

201 2651 433 2701 christus
459 2650 676 2701 coluber
703 2652 757 2700 in
785 2651 884 2710 via,
913 2653 1040 2717 quia
1068 2669 1159 2702 eos
1200 2669 1296 2718 per
1323 2651 1666 2703 latitudinem
1706 2652 1818 2703 vite
1857 2652 2135 2702 ambulare

204 2744 460 2803 provocat
510 2736 703 2802 quibus
755 2738 907 2802 quasi
971 2739 1244 2802 parcendo
1305 2737 1612 2801 blanditur;
1679 2738 1740 2789 fit
1796 2747 2027 2789 cerastes
2079 2739 2133 2788 in

204 2823 411 2883 semita,
438 2823 562 2888 quia
600 2839 735 2888 quos
771 2821 954 2873 fideles
995 2824 1189 2889 reperit
1227 2831 1282 2874 et
1320 2842 1376 2874 se
1415 2826 1484 2875 ad
1524 2825 1732 2875 celestis
1772 2821 1975 2875 itineris
2017 2841 2135 2890 pre-

205 2918 361 2977 cepta
399 2909 863 2975 constringentes2
915 2927 1023 2960 non
1066 2911 1242 2961 solum
1295 2911 1467 2962 calida
1507 2914 1852 2978 persuasione
1904 2913 2132 2978 impetit,

204 2996 299 3046 sed
329 2997 492 3047 etiam
519 3005 718 3046 terrore
746 2997 1031 3062 potestatis
1063 2999 1274 3062 premit.
1357 2999 1479 3048 Hec
1517 2998 1712 3064 glossa.
1789 2999 1880 3049 Ad
1920 2997 2136 3048 celestia

205 3099 262 3133 se
304 3083 680 3148 constringunt
725 3083 912 3133 itinera
956 3084 1048 3149 qui
1089 3092 1306 3134 servant
1352 3101 1423 3134 ex
1465 3092 1595 3135 voto
1647 3084 1846 3137 Christi
1893 3084 2132 3136 consilia.

208 3168 362 3234 Quos
390 3168 552 3234 igitur
580 3169 715 3218 tales
743 3170 1011 3219 cernimus
1042 3171 1352 3235 inpugnare,
1374 3178 1581 3220 certum
1603 3178 1687 3220 est
1714 3172 1783 3221 ad
1803 3171 2135 3221 Antichristi

209 3253 467 3304 malitiam
497 3255 707 3304 aditum
737 3270 1035 3319 preparare.

319 3341 393 3404 (4)
432 3340 571 3389 Item
590 3336 644 3402 4⁰
660 3347 817 3389 erunt
834 3341 1014 3405 cupidi
1034 3339 1416 3406 temporalium
1436 3340 1646 3407 inprobi
1668 3349 1951 3392 amatores
2036 3343 2136 3392 Per

205 3426 307 3476 hoc
333 3428 495 3476 etiam
525 3426 657 3475 alios
686 3425 1012 3478 inclinantes
1092 3426 1259 3478 Unde
1285 3426 1522 3476 secunda
1550 3427 1692 3478 Petri
1722 3442 1752 3479 2
1782 3427 1848 3494 [v.
1885 3443 1928 3491 1,
1960 3443 2010 3491 2,
2043 3429 2094 3496 3]
2123 3446 2132 3479 :

207 3516 240 3536 “
260 3513 472 3563 fuerunt
502 3528 631 3562 vero
664 3511 1134 3578 pseudoprophete
1162 3513 1214 3562 in
1243 3513 1458 3579 popuIO,
1489 3512 1563 3563 sic
1602 3522 1658 3564 et
1697 3516 1747 3563 in
1788 3515 1939 3565 vobis
1979 3522 2137 3566 erunt

424 3625 436 3648 1
458 3626 505 3663 B.
530 3624 808 3663 conabuntur.
1059 3625 1075 3648 2
1094 3625 1142 3663 O.
1165 3638 1242 3663 om.
1265 3632 1307 3663 et
1328 3636 1373 3663 se
1405 3653 1414 3663 .
1448 3656 1456 3665 .
1493 3655 1502 3664 .
1534 3625 1892 3677 constringentes.
