2512 4034
390 242 458 290 66
1180 208 1514 294 PECHAM

381 391 568 433 contra
605 385 907 435 doctrinam
947 402 1194 437 verorum
1233 387 1620 452 apostolorum.
1701 389 1766 451 36
1806 389 1933 452 quia
1972 395 2157 439 amant
2196 405 2309 438 car-

381 468 582 529 naliter,
608 470 734 535 quia
759 477 986 536 nepotes
1013 488 1137 521 suos
1164 477 1218 520 et
1243 471 1669 536 consanguineos
1698 471 1945 538 indignos
1972 474 2041 523 ad
2073 472 2308 523 honores

380 554 767 605 ecclesiasticos
813 543 1024 606 'faciunt
1079 558 1398 621 promoveri.
1516 568 1581 621 37
1634 558 1758 622 quia
1808 557 2038 609 libenter
2085 560 2309 610 visitant

381 640 576 690 domos
613 647 896 707 parentum
936 658 1070 707 quos
1107 641 1436 707 reliquerunt
1475 649 1534 692 ut
1573 643 1626 691 in
1666 642 1742 692 eis
1770 643 1855 693 vel
1884 643 2198 695 delicientur
2223 644 2309 694 vel

380 724 661 790 pecuniam
690 732 1032 792 extorquant.
1115 728 1179 790 38
1208 728 1332 791 quia
1357 728 1411 776 in
1434 727 1700 793 principio
1726 727 1953 778 letanter
1984 728 2311 794 recipiuntur

380 810 474 860 sed
539 817 727 876 postea
778 820 1116 876 respuuntur,
1169 812 1315 860 cuius
1377 813 1703 862 contrarium
1767 812 2011 863 videmus
2061 813 2114 863 in
2170 816 2310 865 veris

381 896 655 961 apostolis,
737 910 803 963 39
847 897 973 961 quia
1023 904 1212 946 amant
1260 913 1442 947 curare
1492 899 1712 963 negotia
1763 898 1934 948 aliena
1984 905 2043 948 ut
2094 900 2308 950 suavius

377 982 577 1034 vivant.
653 996 725 1045 40
759 982 884 1048 quia
910 982 1192 1048 predicant
1220 991 1444 1048 propter
1470 991 1734 1049 questum.
1811 999 1874 1047 4Ι
1921 984 2048 1050 quia
2074 985 2307 1035 indiffer-

379 1074 530 1117 enter
554 1068 817 1133 recipiunt
842 1075 898 1118 et
924 1069 1216 1134 inportune
1254 1076 1450 1135 petunt
1477 1086 1587 1119 non
1615 1070 1793 1120 solum
1821 1070 1891 1119 ad
1931 1071 2306 1121 necessitatem

378 1154 471 1202 sed
498 1154 566 1202 ad
593 1154 930 1220 voluptatem
968 1161 1022 1204 et
1061 1154 1328 1205 vanitates
1366 1154 1709 1208 edificiorum.
1787 1152 1869 1219 42x
1896 1156 2024 1222 quia
2061 1162 2309 1223 egestate

378 1239 546 1288 coacti
586 1238 974 1304 evangelizant,
1013 1240 1138 1305 quia
1177 1239 1219 1289 si
1259 1256 1368 1289 non
1406 1240 1839 1306 evangelizarent
1881 1257 1990 1290 non
2042 1240 2308 1292 haberent

380 1324 522 1374 unde
559 1324 820 1387 viverent,
855 1332 910 1375 et
950 1326 1023 1375 ita
1061 1326 1366 1376 mercedem
1407 1334 1650 1377 eternam
1691 1343 1800 1377 non
1840 1327 2060 1378 habent.
2141 1326 2307 1378 Unde

378 1409 468 1476 [L]
512 1409 636 1461 Cor.
679 1411 754 1462 ix.
797 1408 867 1475 [V.
914 1410 1184 1478 16]:⁷“Si
1223 1412 1366 1462 enirn
1410 1413 1864 1478 evangelizaverO,
1903 1429 2013 1463 non
2052 1419 2132 1463 est
2173 1413 2334 1469 mihi,

377 1496 577 1562 gloria:
608 1496 894 1546 necessitas
920 1496 1066 1547 enirn
1095 1497 1400 1559 incumbit,''
1431 1498 1632 1548 scilicet
1658 1499 1766 1548 vite
1792 1499 2161 1549 sustentande.
2236 1512 2304 1563 43

378 1582 501 1647 quia
526 1582 953 1632 circumveniunt
978 1583 1223 1633 homines
1255 1583 1633 1645 fraudulenter,
1661 1592 1721 1634 ut
1754 1601 1835 1634 res
1863 1601 2049 1634 eorum
2077 1584 2305 1635 tandem

375 1674 751 1733 extorqueant,
771 1669 1150 1734 promittentes
1168 1669 1437 1720 orationes
1457 1678 1510 1720 et
1528 1670 1649 1720 alia.
1725 1686 1794 1734 44
1821 1670 1947 1736 quia
1974 1671 2043 1720 ad
2071 1669 2304 1721 alienam

380 1770 627 1804 mensam
654 1754 980 1805 conveniunt
1006 1771 1116 1804 non
1141 1756 1319 1806 vocati
1360 1755 1681 1821 frequenter.
1757 1767 1823 1820 45
1868 1756 1994 1822 quia
2031 1771 2140 1806 non
2179 1762 2307 1805 sunt

378 1839 621 1889 contenti
659 1838 851 1890 oblatis
890 1839 1011 1890 cibo
1049 1847 1104 1890 et
1142 1847 1275 1907 potu
1315 1841 1408 1891 sed
1444 1849 1677 1907 querunt
1703 1840 2007 1907 frequenter
2034 1840 2307 1892 lautiora.1

376 1926 446 1989 46
498 1925 621 1990 quia
670 1926 927 1976 cursitant
977 1926 1045 1977 de
1072 1928 1238 1977 domo
1287 1927 1341 1976 in
1386 1928 1612 1978 domum
1665 1926 1972 1993 frequenter
2018 1934 2306 1993 querentes

377 2010 610 2077 hospitia
636 2010 867 2062 meliora.
941 2024 1011 2076 47
1040 2013 1165 2077 quia
1191 2012 1459 2079 recipiunt
1498 2013 1643 2062 bona
1681 2012 1894 2063 illorum
1935 2013 2026 2078 qui
2063 2013 2305 2063 nondum

377 2097 596 2147 correcti
625 2095 679 2146 in
709 2097 941 2163 peccatis
968 2099 1077 2147 suis
1105 2098 1394 2164 persistunt
1421 2099 1759 2148 contraillud
1783 2099 1825 2158 [I
1837 2099 1898 2163 L]
1926 2098 2047 2150 Cor.
2072 2100 2101 2148 8
2134 2103 2196 2163 [v.
2223 2105 2270 2164 5]
2293 2118 2303 2148 :

381 2186 414 2208 ‘⁶
436 2183 547 2234 Sed
575 2184 896 2249 semetipsos
923 2183 1189 2234 dederunt
1227 2184 1463 2250 primum
1494 2184 1747 2246 Domin0‚
1777 2183 1978 2234 deinde
2016 2183 2171 2234 nobis
2213 2201 2308 2250 per

374 2268 712 2319 voluntatem
755 2269 859 2319 Dei
877 2267 921 2320 ''.
997 2272 1064 2333 48
1105 2271 1233 2336 quia
1271 2270 1537 2335 recipiunt
1577 2270 1906 2321 elemosinas
1953 2269 2166 2321 illorum
2212 2270 2305 2336 qui

377 2363 597 2422 propter
621 2357 888 2421 pudorem
917 2363 1010 2407 aut
1038 2363 1257 2422 propter
1282 2357 1733 2423 inportunitatem
1763 2358 1895 2407 dant
1925 2357 2100 2423 magis
2139 2372 2302 2423 quam

376 2449 597 2509 propter
636 2442 832 2505 Deum,
859 2450 913 2492 et
953 2442 1026 2493 ita
1064 2451 1300 2509 querunt
1339 2452 1527 2494 contra
1555 2442 1865 2509 apostolum
1899 2442 2086 2493 datum
2114 2449 2169 2491 et
2196 2459 2306 2492 non

375 2527 647 2578 fructum.2
722 2541 792 2592 49
819 2528 944 2593 quia
969 2544 1079 2579 non
1106 2527 1308 2579 habent
1335 2529 1516 2579 oculos
1543 2535 1671 2580 ante
1697 2537 1752 2579 et
1779 2536 1936 2589 retr0,
1967 2528 2092 2594 quia
2118 2528 2305 2578 dicunt

376 2631 434 2664 se
470 2614 717 2679 ignorare
755 2614 993 2680 pericula
1034 2615 1209 2665 futura
1248 2632 1343 2681 per
1386 2615 1983 2682 pseudo—predicatores
2020 2615 2106 2664 vel
2145 2630 2305 2681 pene-

376 2707 580 2750 trantes
617 2700 829 2751 domos,
909 2711 976 2764 50
1014 2701 1139 2766 quia
1178 2709 1472 2767 procurant
1512 2718 1567 2752 se
1606 2717 1700 2768 per
1741 2701 2007 2751 maiorum
2053 2699 2305 2766 epistolas

376 2786 763 2838 commendari.

489 2871 608 2922 Hec
661 2880 784 2923 sunt
831 2871 1113 2922 mendacia
1158 2872 1354 2938 quibus
1406 2888 1588 2922 servos
1643 2871 1843 2924 Christi
1894 2870 2031 2921 servi
2082 2868 2304 2936 dyaboli

376 2956 623 3007 nituntur
666 2957 830 3024 impie
868 2956 1165 3020 diffamare,
1206 2958 1301 3008 sed
1341 2956 1629 3008 ostendam
1673 2956 1861 3023 quales
1905 2973 2023 3007 esse
2068 2956 2305 3006 debeant

378 3043 627 3109 discipuli
654 3042 995 3104 Antichristi,
1018 3050 1073 3093 et
1099 3042 1295 3093 deinde
1321 3042 1390 3092 ad
1419 3043 1549 3093 istas
1577 3043 1809 3092 insanias
1841 3042 2203 3108 respondebo,

487 3128 783 3180 Sciendum
810 3136 892 3179 est
919 3129 1080 3195 igitur
1105 3128 1254 3195 quod
1294 3129 1434 3179 sicut
1472 3128 1843 3179 Antichristus
1880 3127 2181 3178 contrarius
2219 3133 2303 3176 est

379 3213 609 3275 Christo,
639 3214 713 3264 sic
739 3215 854 3264 eius
881 3212 1129 3279 discipuli
1169 3214 1497 3264 contrariam
1538 3212 1741 3263 habent
1781 3212 1863 3263 vel
1901 3210 2139 3263 habituri
2177 3217 2303 3261 sunt

377 3299 787 3365 dispositionem
816 3299 1092 3366 discipulis
1120 3300 1287 3366 ipsius
1315 3300 1537 3351 Domini
1561 3299 1758 3351 Christi
1784 3299 1923 3349 Iesu.
1999 3299 2085 3348 De
2105 3297 2301 3364 quibus

379 3384 576 3436 Christi
614 3385 890 3452 discipulis
931 3393 1080 3452 patet
1119 3403 1190 3436 ex
1233 3387 1552 3436 auctoritate
1597 3384 1908 3451 evangelica
1954 3384 2099 3450 quod
2147 3390 2301 3433 erant

378 3470 633 3520 veraciter
659 3470 945 3536 simpliceS,
975 3471 1069 3521 sed
1098 3470 1284 3537 spiritu
1315 3470 1619 3537 prudenteS,
1639 3469 1906 3521 mansueti
1934 3476 1989 3520 et
2012 3469 2298 3536 patienteS,
2365 3528 2367 3532 Α

701 3583 714 3605 1
734 3583 783 3621 O.
805 3595 883 3621 om.
906 3582 982 3621 sed
1013 3613 1020 3621 .
1054 3610 1064 3622 .
1097 3611 1105 3622 .
1138 3582 1333 3621 lautiora.
1665 3580 1681 3604 2
1699 3581 1810 3623 P‘nil.
1831 3580 1886 3620 iv,
1912 3592 1974 3631 17.
