2512 4034
360 288 458 350 138
1148 288 1478 341 PECHAM

355 435 409 479 et
437 428 637 480 multos
665 430 719 480 in
743 429 845 481 hoc
870 432 979 482 suis
1015 431 1308 483 mendaciis
1345 433 1681 484 seduxerunt
1704 450 1713 482 z
1753 437 1904 486 cuius
1930 438 2166 503 nequitie
2191 443 2273 488 te-

354 516 572 565 meritas
598 522 679 565 est
713 515 961 567 brevibus
995 517 1332 570 declaranda.
1415 519 1555 569 Dico
1581 519 1728 585 quod
1754 520 1996 572 volentes
2022 521 2271 574 fratribus

352 599 701 651 elemosinam
729 600 901 652 facere
926 601 1009 652 vel
1036 603 1315 669 deponunt
1331 622 1450 655 eam
1475 621 1636 670 penes
1657 621 1711 655 se
1731 605 1902 656 donec
1922 622 2019 672 pro
2044 606 2268 659 fratrum

354 686 762 736 necessitatibus
778 688 1088 752 requiratur,
1114 688 1198 739 vel
1221 691 1438 740 tradunt
1457 690 1614 741 alicui
1635 695 1652 724 1
1673 690 1922 741 familiari
1943 706 2041 741 suo
2057 700 2151 742 aut
2177 693 2276 743 ali-

354 772 438 820 cui
459 770 711 821 fratribus
735 770 982 823 familiari
1005 775 1433 837 custodiendam,
1463 792 1572 826 non
1594 785 1774 827 tamen
1800 778 2017 828 nomine
2045 777 2269 830 fratrum

353 864 447 907 aut
485 858 815 919 auctoritate,
853 858 948 909 sed
987 862 1208 910 nomine
1233 860 1317 911 vel
1345 862 1668 913 auctoritate
1694 862 2047 913 elemosinam
2074 861 2275 914 facien-

355 941 505 994 tium.
595 942 958 1009 Quocumque
984 953 1164 996 autem
1193 947 1416 997 istorum
1446 947 1737 999 modorum
1774 946 1881 1009 fiat,
1920 964 2027 999 non
2063 947 2272 1009 fratre3‚

353 1043 474 1078 eam
496 1044 838 1094 quocumque
856 1031 1161 1096 recipiente,
1182 1032 1460 1098 possident
1478 1034 1561 1084 vel
1584 1034 1848 1100 recipiunt
1866 1052 1877 1096 ;
1918 1035 2043 1100 quia
2063 1033 2271 1085 nullum

356 1112 437 1162 ius
465 1114 517 1163 in
545 1130 608 1163 ea
635 1113 915 1180 adquirere
947 1117 1251 1169 intendunt.
1321 1118 1485 1170 Unde
1511 1119 1643 1169 dicit
1674 1120 1765 1170 lex
1795 1119 1903 1171 FF.
1936 1120 2021 1170 De
2057 1121 2278 1183 adquir-

359 1197 513 1249 enda2
531 1216 706 1251 rerum
711 1202 1031 1266 proprietate
1052 1203 1227 1268 “quod
1245 1204 1298 1253 in
1317 1204 1684 1255 admittenda3
1701 1206 2038 1272 possessione
2061 1205 2279 1256 affectio

354 1284 466 1335 eius
492 1288 582 1352 qui
609 1288 845 1354 possidet
873 1288 1133 1339 intuenda
1158 1297 1269 1352 est;
1311 1290 1492 1356 itaque
1519 1291 1562 1340 si
1591 1292 1644 1341 in
1679 1291 1845 1342 fundo
1886 1293 1957 1342 sis
1996 1298 2051 1342 et
2089 1299 2272 1342 tamen

352 1371 583 1422 nolueris
609 1390 733 1424 eum
774 1375 1059 1441 possidere,
1091 1375 1330 1426 amittis4
1368 1378 1765 1441 possessionem
1781 1377 1823 1429 ''.
1906 1378 2044 1428 Item
2071 1376 2275 1428 ibidem

354 1456 408 1506 in
446 1456 548 1508 alia
587 1458 767 1526 lege5:
809 1459 1003 1510 dicitur
1040 1460 1185 1526 quod
1226 1462 1499 1512 “furiosus
1539 1479 1647 1512 non
1689 1470 1867 1529 potest
1895 1462 2127 1529 incipere
2152 1479 2280 1530 pos-

355 1542 539 1606 sidere,
566 1545 694 1610 quia
733 1546 1044 1612 possidendi
1081 1564 1191 1598 non
1230 1546 1392 1599 habet
1430 1547 1702 1610 affectum,
1742 1547 1864 1599 licet
1903 1564 2015 1599 rem
2054 1564 2276 1614 corpore

356 1629 711 1695 contingat'’.
791 1631 917 1683 Non
955 1631 1154 1699 igitur6
1192 1634 1378 1684 nolens
1418 1642 1472 1685 et
1512 1633 1899 1685 involuntarius
1926 1634 2117 1700 recipit
2155 1650 2280 1700 pos-

358 1714 650 1767 sessionem
678 1716 749 1767 rei
776 1717 1030 1784 cuiusque
1047 1718 1065 1749 ⁷
1101 1720 1312 1769 etiamsi
1344 1721 1450 1770 suis
1477 1719 1723 1770 manibus
1749 1719 2023 1772 inferatur.
2103 1720 2277 1771 Pona-

360 1817 477 1851 mus
526 1803 741 1868 insuper
791 1804 938 1869 quod
992 1821 1173 1855 servus
1225 1805 1542 1856 destinantis
1594 1806 1880 1872 pecuniam
1935 1806 2113 1857 tradat
2153 1821 2274 1855 eam

358 1887 605 1938 familiari
644 1888 873 1940 fratrum
914 1890 1102 1956 ignoto
1142 1891 1358 1957 penitus
1397 1891 1700 1943 destinanti.
1779 1890 2064 1957 Numquid
2103 1898 2280 1942 trans-

358 1971 581 2023 ferretur
617 1973 956 2026 dominium?
1035 1976 1191 2027 Patet
1229 1976 1377 2042 quod
1416 1993 1538 2037 non,
1579 1978 1704 2043 quia
1751 1977 1880 2027 dicit
1925 1976 2016 2028 lex
2066 1976 2174 2029 FF.
2216 1977 2279 2026 de

358 2060 668 2124 acquirendo
705 2076 884 2111 rerum
921 2062 1148 2112 dominio
1174 2061 1321 2128 quod
1361 2063 1626 2113 “traditio
1653 2061 1817 2113 nichil
1843 2062 2076 2128 amplius
2103 2069 2277 2112 trans-

359 2144 496 2195 ferre
535 2145 695 2197 debet
731 2147 814 2197 vel
852 2155 1030 2213 potest
1068 2147 1136 2198 ad
1178 2165 1300 2198 eum
1333 2149 1422 2214 qui
1449 2148 1657 2215 accipit,
1684 2165 1846 2215 quam
1873 2156 1956 2199 est
1980 2148 2124 2215 apud
2152 2164 2276 2198 eum

359 2232 449 2297 qui
475 2232 701 2283 tradidit
718 2231 780 2284 ’28
856 2231 1042 2284 Sicut9
1067 2234 1281 2284 tradens
1308 2235 1590 2301 pecuniam
1618 2236 1788 2285 tenuit
1814 2251 1935 2284 eam
1955 2235 2281 2284 auctoritate

360 2325 414 2368 et
439 2319 656 2368 nomine
683 2318 891 2369 domini
919 2321 1015 2380 sui,
1045 2319 1119 2369 ita
1146 2319 1412 2370 secundus
1451 2327 1504 2370 et
1544 2320 1708 2371 etiam
1748 2321 2085 2381 centesimUS,
2114 2321 2157 2369 si
2197 2326 2277 2370 tot

360 2403 610 2454 manibus
661 2406 888 2471 pecunia
937 2406 1359 2458 commendetur.
1473 2406 1637 2472 Quod
1687 2413 1866 2457 autem
1931 2405 2158 2472 pecunia
2206 2405 2279 2456 sic

362 2488 608 2556 deposita
633 2507 741 2540 non
768 2490 983 2541 recedat
1008 2507 1040 2540 a
1065 2490 1178 2541 iure
1217 2491 1532 2542 destinantis
1567 2508 1688 2543 eam
1718 2498 1894 2558 patet3
1933 2492 2058 2558 quia
2096 2491 2223 2542 dicit
2239 2490 2281 2521 ¹⁰

361 2573 450 2625 lex
492 2575 598 2627 FF.
638 2579 702 2628 de
738 2578 1059 2641 adquirendo
1095 2595 1271 2630 rerum
1313 2578 1543 2629 dominio
1588 2581 1743 2628 “rem
1789 2579 1842 2627 in
1886 2578 2042 2629 bonis
2085 2579 2284 2628 nostris

363 2661 706 2728 intelligimus
724 2663 761 2694 1¹
783 2665 1028 2730 quotiens
1053 2666 1391 2732 possidentes
1410 2666 1785 2731 exceptionem
1804 2671 1897 2714 aut
1916 2665 2224 2715 amittentes
2240 2664 2282 2693 12*

362 2746 429 2796 ad
470 2750 889 2815 recuperandum
927 2767 1045 2802 eam
1086 2753 1355 2802 actionem
1394 2751 1656 2803 habemus
1671 2750 1710 2802 ''.
1788 2743 1940 2800 Licet
1975 2757 2158 2801 autem
2186 2747 2276 2812 illi,

362 2835 454 2900 qui
496 2837 663 2885 mittit
700 2838 921 2887 nomine
959 2853 1058 2888 suo
1095 2839 1394 2904 pecuniam,
1422 2838 1570 2888 omni
1611 2844 1855 2903 tempore
1891 2851 2011 2886 eam
2044 2842 2283 2901 repetere

364 2921 499 2971 sicut
525 2937 692 2983 suam,
720 2922 889 2972 donec
918 2924 987 2973 sit
1011 2923 1095 2973 vel
1120 2923 1474 2974 creditoribus
1499 2922 1674 2973 soluta
1697 2921 1778 2972 vel
1806 2923 1859 2971 in
1889 2939 2015 2972 usus
2056 2922 2279 2971 fratrum

366 3008 688 3057 necessarios
716 3016 1078 3070 commutata;
1122 3017 1306 3060 manet
1332 3025 1461 3075 ergo
1487 3010 1540 3058 in
1568 3007 1723 3058 bonis
1748 3009 1874 3058 eius.
1956 3007 2092 3057 Item
2123 3006 2216 3056 FF
2223 3006 2280 3057 ,13

366 3091 438 3142 δι’
458 3102 653 3145 certum
668 3104 899 3159 petatur,
926 3096 1123 3146 dicitur
1150 3097 1238 3145 “si
1265 3095 1335 3146 ab
1363 3096 1515 3145 initio
1541 3110 1665 3145 cum
1696 3093 2024 3160 deponerem
2053 3091 2198 3159 apud
2227 3099 2284 3143 te

471 3221 486 3246 1
508 3235 599 3261 eam
617 3222 754 3271 alicui,
775 3224 823 3262 B.

473 3287 489 3311 2
512 3287 708 3326 Pandect.
730 3289 797 3327 xli.
817 3301 853 3335 2,
875 3292 939 3338 36,
964 3289 1028 3328 De
1048 3288 1302 3340 adquirenda
1321 3289 1386 3327 vel
1406 3286 1637 3327 amittenda
1655 3286 1936 3338 possessione.

474 3354 490 3379 3
504 3355 734 3395 amittenda
751 3357 989 3396 Mommsen.
1343 3356 1359 3380 4
1374 3356 1563 3408 protinus
1582 3354 1795 3401 admittes,
1818 3355 1866 3392 B.
1997 3353 2013 3377 5
2028 3352 2094 3392 xli.
2118 3364 2154 3401 2,
2182 3364 2217 3399 1,
2236 3363 2281 3411 3.

475 3421 491 3447 6
505 3423 658 3462 Nullus
678 3424 819 3475 igitur,
844 3426 891 3464 B.
1348 3423 1364 3448 7
1377 3424 1644 3475 possessione
1663 3423 1973 3472 cuiuscumque,
1995 3421 2044 3459 A.

476 3488 492 3514 8
509 3489 645 3538 tradit,
669 3491 717 3530 B.
737 3506 746 3539 3
779 3491 908 3531 Pand.
931 3492 1000 3531 xli.
1028 3505 1062 3541 1,
1084 3505 1147 3532 20.
1352 3491 1369 3516 9
1384 3491 1504 3531 Sicut
1523 3490 1663 3542 igitur,
1687 3490 1736 3527 B.

477 3555 513 3580 10
529 3557 641 3607 quod
661 3556 771 3606 dicit,
794 3559 843 3597 B.
865 3559 983 3610 [Dig.
1004 3559 1072 3598 xli.
1098 3571 1132 3607 1,
1154 3560 1235 3608 52]·.
1349 3558 1384 3582 Π
1399 3557 1550 3597 habere
1570 3555 1856 3606 intelligimur,
1878 3554 1926 3593 B.

476 3622 513 3648 12
528 3623 813 3673 admittentes,
835 3627 902 3673 A.‚
925 3626 974 3665 B.
1347 3625 1382 3651 ¹3
1401 3625 1534 3664 Pand.
1557 3624 1622 3662 xii.
1648 3636 1683 3670 1,
1707 3635 1768 3662 10.
