2512 4034
708 255 1191 309 TRACTATUS
1238 256 1628 309 PAUPERIS
2071 262 2134 323 65

221 400 303 467 14⁰
354 405 477 469 quia
529 404 892 469 eloquentiam
945 416 1095 450 suam
1148 399 1440 449 ostendunt
1489 408 1677 450 contra
1727 401 1857 451 illud
1908 404 2136 467 apostoli

213 489 303 555 [L]
333 488 450 540 Cor.
477 490 502 539 i.
534 489 604 555 [v.
643 490 756 557 17]:
798 493 950 537 “non
972 487 1023 535 in
1043 485 1308 550 sapientia
1328 486 1476 536 verbi
1495 485 1533 538 '’.
1619 484 1699 550 15Ο
1721 487 1842 549 quia
1864 495 2136 539 ostentant

210 575 610 642 philosophiam
639 593 789 626 suam
829 581 1017 624 contra
1056 571 1184 622 illud
1224 573 1465 639 apostoli,
1499 572 1619 624 Cor.
1651 572 1718 638 [Ι.
1748 573 1798 624 ii.
1837 574 1918 639 1]:
1962 578 1988 600 “
2009 574 2135 626 Non

210 663 331 711 veni
364 661 431 710 ad
472 680 567 712 vos
608 663 660 711 in
701 660 1030 711 sublimitate
1069 659 1330 708 sermonis
1369 666 1462 709 aut
1501 660 1761 725 sapientie
1778 658 1816 711 ''.
1900 657 1981 710 16⁰
2012 661 2140 725 quia

211 755 394 797 amant
421 749 624 812 primos
664 746 931 797 recubitus
970 745 1022 794 in
1051 746 1195 795 cenis
1226 752 1280 795 et
1319 744 1520 810 primas
1562 747 1845 797 cathedras
1885 753 1937 796 et
1961 747 2138 797 vocari

211 832 279 882 ab
305 832 614 883 hominibus
644 832 800 894 Rabi,
833 839 1017 881 contra
1045 829 1176 881 illud
1206 831 1338 881 Mat.
1373 845 1435 895 23
1467 831 1535 897 [V.
1565 833 1652 899 8]:
1697 832 1931 883 “Nolite
1955 834 2133 882 vocari

214 918 418 970 Rabi’‘.
502 918 585 982 17Ο
613 919 738 985 quia
776 919 974 968 iactant
1012 934 1069 967 se
1106 916 1333 968 fructum
1375 918 1545 968 facere
1584 919 1637 968 in
1677 918 1896 969 ecclesia
1937 918 2043 968 Dei
2084 925 2138 969 et

211 1005 337 1056 inde
381 1005 709 1055 extolluntur
751 1010 936 1055 contra
974 1002 1106 1054 illud
1149 1003 1279 1056 Luc,
1323 1003 1413 1070 [17
1452 1023 1501 1056 v,
1558 1006 1677 1072 Io]:
1722 1005 1908 1056 “Cum
1954 1005 2136 1055 omnia

210 1091 590 1151 benefeceritis,
616 1091 788 1150 dicite,
817 1091 968 1156 quasi
998 1091 1133 1139 servi
1173 1089 1384 1140 inutiles
1418 1106 1636 1152 sumus;
1677 1092 1822 1157 quod
1850 1090 2135 1141 debuimus

210 1176 382 1228 facere
432 1176 653 1227 fecimus
673 1175 716 1226 ’'.
802 1172 884 1227 18Ο
943 1175 1067 1241 quia
1118 1176 1317 1226 iactant
1380 1194 1436 1227 se
1488 1177 1555 1227 de
1608 1178 1875 1228 miraculis
1925 1177 2031 1227 suis
2081 1186 2135 1227 et

211 1279 443 1314 suorum.
528 1261 609 1329 19⁰
636 1262 763 1328 quia
801 1268 1054 1328 arrogant
1081 1262 1178 1312 sibi
1219 1263 1363 1328 quod
1402 1279 1510 1313 non
1538 1262 1739 1314 faciunt
1764 1263 1849 1313 vel
1890 1263 1942 1313 in
1970 1264 2134 1329 signis

208 1349 290 1398 vel
319 1349 545 1399 aliorum
583 1347 930 1399 edificatione.
1011 1344 1098 1398 20Ο
1125 1349 1251 1414 quia
1290 1366 1384 1415 per
1421 1349 1729 1400 simulatam
1769 1349 2130 1400 humilitatem

209 1435 421 1500 erigunt
448 1451 505 1483 se
544 1434 612 1483 ad
651 1434 915 1494 honores3
958 1433 1083 1499 quia
1121 1434 1349 1483 enimin
1390 1434 1488 1484 hoc
1517 1435 1695 1486 seculo
1734 1434 1968 1500 despecti
1993 1441 2132 1494 sunt,

209 1520 456 1570 habitum
496 1519 765 1585 religionis
804 1518 884 1569 vel
925 1518 1244 1570 humilitatis
1283 1528 1575 1581 assumunt,
1604 1529 1662 1571 ut
1700 1522 1772 1570 sic
1809 1521 2135 1571 honorentur

210 1614 264 1655 et
291 1605 604 1656 exaltentur.
682 1600 768 1654 21Ο
796 1605 921 1670 quia
956 1605 1193 1654 inserunt
1212 1622 1269 1654 se
1295 1605 1453 1655 curiis
1480 1614 1535 1656 et
1554 1613 1738 1656 amant
1760 1605 1870 1656 fieri
1899 1604 2134 1656 curiales,

213 1705 278 1741 22
307 1691 433 1756 quia
470 1698 702 1756 querunt
741 1691 977 1740 favorem
1011 1689 1324 1751 humanum,
1351 1691 1523 1741 aliena
1562 1692 1778 1758 negotia
1817 1691 2134 1752 exercendo,

210 1776 396 1840 aliena,
425 1778 504 1828 i.e.
530 1777 600 1827 ad
627 1777 939 1841 religionem
969 1778 1193 1826 minime
1221 1776 1558 1842 pertinentia,
1586 1778 1670 1827 vel
1697 1777 1984 1830 adulando,
2068 1791 2131 1841 23

211 1864 337 1929 quia
364 1870 556 1912 vacant
595 1862 842 1912 amicitiis
880 1862 1035 1911 huius
1075 1861 1235 1911 seculi
1275 1862 1638 1929 adquirendis,
1668 1862 1864 1913 scilicet
1902 1863 2132 1913 divitum

209 1956 264 1998 et
292 1940 592 2014 potentum.
674 1963 740 2012 24
767 1949 894 2013 quia
921 1946 1177 1999 simulant
1216 1966 1271 1998 se
1297 1949 1495 2000 habere
1523 1951 1780 1999 maiorem
1819 1949 1993 2000 zelum
2021 1950 2134 1999 ani-

212 2051 426 2085 marum
455 2051 619 2100 quam
658 2033 864 2099 prelati,
892 2034 1020 2084 dum
1048 2052 1104 2084 se
1130 2043 1376 2085 asserunt
1404 2053 1459 2085 se
1486 2052 1576 2085 eas
1616 2053 1832 2102 pascere
1858 2053 1967 2086 non
1997 2052 2134 2085 mer-

211 2121 340 2171 cede
379 2119 678 2187 temporali.
761 2131 822 2184 25
872 2121 1012 2187 quia,
1061 2128 1120 2170 ut
1162 2121 1411 2186 placeant
1456 2121 1781 2183 hominibus
1829 2122 2131 2184 adulantur,

210 2205 449 2268 laudant,
489 2213 542 2255 et
581 2206 873 2256 iustificant
912 2208 1177 2273 principes
1217 2208 1482 2257 seculares
1521 2209 1875 2275 temporalem
1915 2207 2136 2258 ecclesie

211 2292 628 2342 iurisdictionem
668 2300 987 2345 coartantes,
1068 2294 1135 2343 26
1174 2295 1314 2359 quia,
1342 2294 1464 2344 licet
1503 2294 1610 2344 sint
1644 2311 1922 2361 pauperes,
1951 2302 2133 2344 tamen

209 2377 435 2428 faciliter
462 2379 744 2429 inveniunt
770 2378 1019 2444 hospitia,
1049 2380 1192 2444 quod
1218 2397 1340 2430 vere
1374 2381 1700 2446 pauperibus
1724 2397 1832 2430 non
1861 2381 2135 2446 contingit,

211 2463 352 2513 unde
379 2463 591 2514 videtur
619 2463 765 2530 quod
794 2471 1016 2530 peccata
1056 2465 1377 2516 dissimilent
1415 2467 1701 2517 hominum
1728 2474 1781 2517 et
1820 2467 2033 2517 faveant
2055 2467 2134 2516 eis

212 2548 266 2597 in
312 2550 534 2599 malum.
615 2561 681 2612 27
721 2551 846 2615 quia
893 2552 946 2599 in
991 2550 1430 2601 tribulationibus
1475 2559 1600 2602 sunt
1647 2554 1987 2618 inpatientes
2067 2554 2131 2602 28

213 2633 336 2698 quia
379 2635 568 2684 odiunt
620 2634 736 2684 illos
783 2652 919 2700 quos
964 2635 1293 2686 arbitrantur
1338 2655 1465 2688 suos
1514 2638 1900 2699 criminatoreS,
1946 2637 2133 2689 ledunt

211 2728 465 2770 accusant
491 2726 545 2770 et
584 2719 886 2773 diffamant.
967 2735 1034 2786 29
1060 2723 1184 2787 quia
1210 2723 1401 2773 odiunt
1427 2740 1520 2773 eos
1548 2725 1639 2790 qui
1667 2723 1854 2774 volunt
1882 2740 1975 2774 eos
2010 2741 2133 2789 pro-

215 2805 342 2854 bare
393 2812 571 2855 utrum
623 2806 732 2855 sint
782 2806 893 2856 veri
946 2807 1177 2873 apostoli
1229 2825 1425 2860 annon.
1525 2823 1593 2874 30
1641 2810 1765 2875 quia
1814 2809 2134 2860 immodeste

211 2897 447 2954 arguunt
474 2907 573 2940 nec
598 2890 786 2940 volunt
807 2893 1065 2942 sustinere
1085 2896 1490 2947 correctionem.
1573 2909 1632 2960 31
1660 2896 1784 2961 quia
1811 2895 1961 2957 illud,
1985 2895 2134 2961 quod

212 2983 396 3025 contra
440 2993 716 3042 perversos
756 2977 1073 3043 generaliter
1117 2979 1324 3041 dicitur,
1361 2988 1544 3032 contra
1589 3000 1645 3032 se
1688 2982 1792 3031 dici
1838 2980 2135 3047 specialiter

212 3061 548 3113 arbitrantur.
647 3077 710 3127 32
758 3063 883 3128 quia
933 3081 1090 3130 super
1141 3066 1360 3131 privatis
1412 3068 1616 3117 iniuriis
1669 3067 1863 3117 iudicia
1913 3074 1967 3116 et
2018 3067 2135 3116 lites

213 3155 493 3197 assumunt
513 3154 700 3198 contra
724 3148 1024 3200 doctrinam
1052 3152 1312 3217 apostoli,
1350 3152 1564 3218 litigant
1590 3154 1734 3203 enim
1761 3170 1856 3218 pro
1883 3152 2137 3203 cathedra

213 3234 526 3300 temporalis
552 3234 766 3284 honoris
794 3242 887 3285 aut
914 3251 1010 3301 pro
1036 3236 1296 3302 regimine
1321 3238 1493 3288 aliene
1518 3238 1702 3304 plebis
1783 3252 1844 3302 33
1874 3239 1999 3305 quia
2025 3254 2135 3288 non

212 3327 397 3369 amant
430 3321 713 3370 veritatem
754 3320 854 3370 sibi
892 3338 1155 3386 asperam.
1234 3337 1300 3387 34
1335 3326 1459 3389 quia
1495 3325 1739 3375 nolentes
1775 3325 2008 3391 recipere
2044 3341 2136 3375 eos

213 3405 521 3471 conpellunt
560 3406 642 3455 vel
683 3405 932 3473 compelli
973 3406 1172 3458 faciunt
1200 3409 1267 3459 ad
1308 3411 1676 3476 recipiendum
1717 3427 1771 3460 se
1797 3417 1979 3462 contra
2013 3412 2137 3461 doc-

212 3493 406 3542 trinam
428 3492 667 3554 Domini,
693 3492 824 3543 Mat.
854 3507 915 3543 10
936 3491 1002 3558 [V.
1038 3495 1121 3561 14]
1145 3514 1153 3544 :
1229 3496 1580 3562 “quicunque
1597 3513 1704 3546 non
1726 3499 1981 3564 receperit
1997 3495 2136 3556 VOS‚''

212 3585 313 3631 etc,
396 3590 456 3642 35
488 3580 612 3646 quia
649 3586 837 3628 contra
876 3579 1209 3630 adversarios
1250 3598 1370 3631 suos
1410 3590 1699 3647 provocant
1723 3581 1960 3634 fautores
1998 3600 2134 3642 SUOS,

1163 3664 1185 3716 5
