2512 4034
339 250 406 311 98
1129 241 1463 294 PECHAM

333 388 602 454 exemplar
624 395 675 437 et
698 385 945 437 bonorum
973 395 1024 437 et
1047 387 1328 437 malorum.
1409 386 1842 451 Respondendum
1869 387 2009 452 quod
2015 388 2261 453 primum

335 486 412 528 est
447 477 716 543 exemplar
750 477 987 526 omnium
1029 484 1144 526 tam
1199 476 1565 541 completorum
1617 493 1778 541 quam
1820 476 2261 542 incompletorum,

335 574 450 616 tam
478 566 725 617 bonorum
764 582 928 631 quam
970 565 1256 626 malorum,
1282 564 1378 614 sed
1408 564 1549 614 sicut
1583 564 1808 629 quedam
1838 566 1994 630 ponit
2029 566 2086 615 in
2124 583 2179 616 se
2204 574 2266 616 ut

333 656 636 721 intelligere,
659 670 950 720 cognoscere
975 661 1026 704 et
1047 652 1361 716 huiusmodi,
1389 654 1613 720 quedam
1642 670 1761 703 vero
1788 654 1845 703 in
1872 655 2052 717 altero,
2080 664 2130 705 et
2154 655 2265 706 eius

318 745 569 812 possibile
605 753 682 795 est
729 744 1027 806 subiectum,
1067 752 1129 793 ut
1163 760 1371 794 currere
1416 744 1690 805 comedere,
1729 742 1822 793 hec
1861 744 2082 810 quidam
2110 746 2268 810 ponit

334 853 435 886 non
472 836 529 885 in
567 853 634 896 se,
661 835 789 901 quia
827 832 918 883 hec
940 842 1092 899 posse
1132 833 1447 898 impossibile
1485 842 1572 897 est,
1599 834 1676 883 sic
1710 834 2044 899 quorundam
2084 843 2160 884 est
2183 852 2265 884 ex-

332 927 538 991 emplar
574 925 631 975 in
669 942 737 986 se,
764 924 1098 990 quorundam
1141 940 1261 973 vero
1300 923 1357 972 in
1398 924 1540 975 aliis.
1630 923 1780 974 Unde
1816 923 1869 973 si
1903 923 1978 973 sit
2000 924 2269 989 exemplar

334 1017 759 1082 incompletorum
800 1016 888 1065 vel
923 1015 1210 1076 malorum,
1238 1014 1338 1064 illa
1382 1014 1707 1080 incompletio
1746 1015 1834 1064 vel
1868 1015 2088 1064 malitia
2130 1013 2272 1064 nihil

331 1106 462 1156 dicit
499 1105 557 1155 in
597 1106 704 1172 ipso
741 1104 839 1154 sed
871 1104 927 1153 in
969 1120 1026 1153 re
1064 1112 1232 1167 extra,
1261 1112 1313 1153 et
1334 1112 1554 1169 propter
1587 1102 1680 1153 hoc
1702 1111 1875 1169 potest
1910 1104 2271 1154 convenienter

330 1197 440 1246 dici
461 1195 651 1246 horum
678 1195 915 1246 omnium
944 1195 1224 1260 exemplar,
1247 1194 1384 1245 unde
1394 1196 1544 1260 forte
1570 1195 1839 1244 malorum
1854 1203 1991 1260 pene
2017 1202 2069 1244 et
2086 1193 2267 1255 etiam,

330 1286 470 1352 quod
476 1286 605 1351 plus
631 1293 721 1347 est,
743 1286 1011 1335 malorum
1039 1285 1185 1350 culpe
1198 1292 1372 1350 potest
1394 1284 1503 1334 dici
1525 1285 1795 1349 exemplar
1818 1291 1869 1333 et
1893 1301 2011 1346 esse,
2032 1284 2169 1333 sicut
2192 1290 2270 1333 est

329 1376 498 1425 dicere
535 1375 676 1441 quod
706 1375 961 1440 cognoscit
997 1374 1149 1424 mala
1191 1374 1337 1439 culpe
1375 1374 1488 1423 sive
1528 1373 1672 1423 vicia
1713 1390 1810 1439 que
1849 1373 1907 1423 in
1948 1372 2093 1423 nobis
2129 1380 2267 1423 sunt.

333 1463 413 1516 Of
428 1464 534 1514 this
557 1463 783 1514 marked
814 1462 1113 1513 Platonism
1135 1462 1198 1513 of
1216 1462 1468 1524 Pecham‚
1488 1462 1663 1512 which
1689 1461 1759 1511 he
1784 1462 1916 1512 does
1936 1469 2032 1513 not
2057 1460 2268 1527 scruple
2324 1456 2327 1459 '

330 1557 387 1600 to
415 1550 560 1600 show
593 1566 727 1600 even
756 1549 910 1599 when
950 1550 1328 1615 commenting
1358 1565 1428 1598 on
1467 1547 1770 1598 Aristotle’s
1802 1547 1991 1609 workS,
2016 1564 2097 1597 we
2131 1545 2267 1597 shall

330 1652 419 1686 566
445 1634 589 1686 clear
614 1634 796 1702 proofs
822 1635 874 1685 in
901 1634 994 1684 the
1021 1632 1294 1700 following
1319 1650 1500 1700 pageS.
1580 1633 1702 1683 The
1726 1639 2105 1698 commentary
2132 1632 2267 1683 ends

330 1737 402 1771 on
442 1720 531 1773 fol.
571 1733 656 1787 73,
695 1720 791 1771 601.
835 1734 893 1785 3:
935 1720 1146 1771 Deinde
1170 1721 1423 1787 assignat
1458 1721 1632 1771 aliam
1672 1720 2030 1788 differentiam
2058 1720 2229 1770 dicens
2247 1738 2266 1771 .·

331 1826 422 1858 nos
448 1817 625 1859 autem
654 1810 1039 1873 transferemus
1079 1827 1263 1860 nomen
1304 1810 1673 1860 incontinentie
1698 1809 1777 1859 ad
1782 1817 1998 1875 peccata
2012 1809 2267 1874 puerilia,

329 1899 470 1964 quod
490 1898 726 1963 nonfuit
751 1898 809 1948 in
848 1907 994 1963 opere
1017 1899 1366 1962 fortitudinis
1404 1900 1492 1949 vel
1526 1907 1879 1949 extremorum
1910 1899 2021 1949 eius
2047 1907 2097 1949 et
2122 1907 2272 1949 notat

318 1996 423 2054 per
445 1986 539 2037 hoc
576 1987 1012 2038 incontinentiam
1040 1989 1170 2054 plus
1209 1989 1386 2054 vigere
1425 1989 1482 2038 in
1523 1988 1796 2038 iuvenibus
1834 2006 1997 2054 quam
2037 1988 2094 2038 in
2122 1988 2265 2039 aliis.

335 2075 385 2126 It
423 2076 467 2126 is
499 2076 774 2141 evidently
813 2075 1111 2138 mutilated,
1150 2093 1208 2127 as
1246 2077 1338 2128 the
1378 2077 1482 2127 last
1518 2076 2147 2144 chapter—concerning
2176 2076 2268 2126 the

331 2160 706 2213 classification
745 2161 808 2211 of
835 2162 1310 2214 desideria—does
1343 2171 1438 2213 not
1463 2180 1619 2228 carry
1646 2179 1707 2213 us
1746 2163 1960 2228 beyond
2001 2162 2096 2214 the
2121 2162 2264 2213 third

332 2247 480 2299 book
508 2248 571 2298 of
593 2247 887 2299 Aristotle:
931 2250 1037 2299 and
1068 2249 1238 2299 hence
1263 2249 1304 2300 it
1340 2249 1383 2299 is
1413 2248 1620 2299 natural
1654 2250 1774 2300 that
1800 2249 1893 2299 the
1922 2248 2042 2300 MS.
2069 2248 2266 2299 should

333 2334 452 2385 lack
481 2334 573 2385 the
602 2333 753 2385 usual
780 2334 1022 2401 Explicit.

442 2421 495 2471 A
542 2422 874 2487 manuscript
918 2420 1057 2471 from
1104 2420 1155 2472 S.
1203 2420 1369 2472 Croce
1418 2422 1735 2487 containing
1775 2438 1807 2471 a
1854 2420 2161 2484 Quodlibet1
2214 2422 2275 2474 of

337 2509 590 2571 Pecham,
617 2514 674 2558 to
711 2508 891 2558 which
932 2506 1216 2574 Sbaraglia
1255 2507 1434 2569 reseis
1462 2509 1505 2558 is
1545 2524 1668 2557 now
1707 2508 1760 2557 in
1801 2506 1894 2557 the
1935 2507 2267 2560 Laurentian

333 2594 545 2659 library,
584 2593 642 2645 S:
686 2594 856 2645 Croce
897 2595 1037 2646 Plut.
1079 2594 1208 2646 xvii.
1257 2595 1353 2645 sin.
1398 2594 1515 2645 cod.
1560 2606 1605 2658 7,
1645 2592 1821 2644 which
1867 2595 2114 2645 contains
2151 2596 2266 2647 also

332 2681 655 2746 quaestiones
672 2678 734 2729 of
754 2678 994 2730 Williarn
1022 2680 1090 2729 de
1118 2679 1351 2730 Lamara
1378 2677 1524 2731 OM.
1593 2678 1877 2729 Pecham's
1903 2679 2051 2730 work
2079 2681 2267 2749 begins

335 2785 405 2819 on
434 2768 522 2820 fol.
547 2779 612 2831 27
633 2785 643 2816 ε
684 2771 709 2792 “
733 2765 929 2816 Sancti
948 2766 1172 2833 spiritus
1193 2766 1332 2816 assit
1350 2765 1495 2816 nobis
1512 2765 1719 2832 gratia.
1805 2765 2063 2828 Queritur
2086 2777 2267 2819 utrum

333 2865 512 2922 corpus
558 2856 891 2921 corruptibile
925 2857 1097 2922 possit
1141 2856 1358 2906 induere
1404 2855 1844 2922 incorruptionem
1862 2856 1888 2875 ''
1910 2876 1928 2907 .·
1980 2857 2087 2907 and
2133 2859 2268 2909 ends

334 2962 404 2996 on
438 2945 524 2997 fol.
568 2956 664 3009 50:
706 2945 948 3012 Explicit
969 2946 1231 3012 quodlibet
1239 2946 1453 3011 fratris
1466 2944 1738 3013 joliannis
1776 2946 1838 2996 de
1875 2944 2108 2996 Pecham
2134 2946 2275 3011 quod
2344 2963 2347 2965 ’

336 3030 393 3081 in
422 3048 644 3082 romana
669 3035 820 3085 curia
846 3035 1151 3099 disputavit.

445 3119 694 3173 Another
721 3123 774 3175 S.
809 3123 977 3176 Croce
1006 3125 1130 3177 MS.
1166 3125 1420 3189 formerly
1445 3123 1739 3176 nurnbered
1772 3136 1889 3194 395,
1917 3142 2043 3176 now
2072 3129 2267 3177 “conV.

338 3222 513 3272 soppr.
546 3207 610 3260 G.
641 3224 691 3272 4.
723 3211 753 3260 8
762 3209 870 3274 54,’'
892 3210 945 3260 in
972 3210 1066 3261 the
1094 3210 1147 3260 N
1151 3211 1350 3263 ational
1378 3210 1608 3275 Library
1632 3210 1696 3262 of
1714 3211 1759 3262 F
1762 3212 1988 3272 lorence,
2014 3212 2168 3262 bears
2196 3227 2266 3261 on

339 3291 432 3342 the
459 3309 668 3344 reverse
694 3295 757 3345 of
774 3295 866 3345 the
891 3295 1103 3361 fly·leaf
1115 3296 1208 3347 the
1229 3297 1347 3348 title
1366 3297 1593 3347 Primus
1604 3296 1883 3365 johannis
1906 3299 1971 3349 de
1994 3298 2266 3356 Perciana

446 3428 461 3452 1
475 3426 567 3466 The
583 3436 813 3468 statement
827 3431 876 3469 of
889 3429 962 3470 the
979 3431 1216 3471 Lanercost
1229 3432 1375 3472 chron.
1394 3432 1480 3484 (pp.
1507 3445 1596 3480 100,
1617 3434 1708 3486 101)
1730 3433 1765 3473 is
1784 3434 1922 3473 worth
1937 3415 2279 3485 quoting—that>

343 3492 526 3532 Pecham
555 3494 654 3533 held
682 3496 754 3534 the
785 3501 810 3519 “
828 3498 1073 3537 cathedram
1105 3499 1388 3539 Parisiensem
1416 3501 1787 3550 etAOxoniensem,
1810 3501 1880 3540 ubi
1909 3501 2043 3553 primo
2072 3499 2264 3539 omnium

341 3558 572 3609 disputavit
591 3560 632 3598 in
652 3561 859 3602 facultate
879 3564 1126 3616 theologiae
1146 3565 1199 3605 de
1228 3566 1428 3616 Quolibet
1445 3566 1481 3606 ”.
