2512 4034
342 311 441 361 186
1129 300 1459 353 PECHAM

500 460 606 514 171n
681 451 698 480 1
719 449 810 500 Ad
837 447 964 499 illud
991 446 1292 512 respondeo
1319 444 1388 494 de
1413 448 1789 510 appostatante
1811 460 1820 491 :

686 535 828 601 Sepe
853 535 913 585 fit
937 541 1009 595 vt,
1034 532 1170 583 vicio
1194 530 1365 582 carnis
1389 529 1691 595 instigante,

686 620 819 671 Exit
843 637 876 670 a
901 618 1122 670 cenobio
1147 632 1364 668 causam
1380 614 1397 642 2
1425 631 1533 665 non
1562 617 1872 680 prestante,3

340 719 444 774 520
688 707 762 758 Et
788 705 876 757 dei
903 705 1099 756 iudicio
1126 705 1274 770 peior
1299 709 1381 753 est
1407 718 1572 768 quam
1599 706 1741 751 ante.

683 842 703 871 4
725 841 914 893 Status
940 840 1085 890 enim
1111 838 1363 889 ordinum
1390 844 1472 887 est
1499 844 1557 887 vt
1584 834 1864 902 quoddam
1893 847 2052 893 mare,

687 927 852 994 Quod
878 925 1086 976 nullum
1115 923 1459 974 morticinum
1487 928 1667 989 potest
1693 921 1996 987 deportare,

689 1014 762 1064 Et
789 1030 952 1079 quem
981 1018 1135 1078 pater
1158 1010 1423 1060 luminum
1450 1008 1640 1074 nequit
1665 1005 1925 1072 adaptare
1941 1004 1959 1034 5

688 1100 862 1150 Extra
888 1113 1045 1148 suum
1073 1096 1363 1147 terminum
1391 1095 1515 1145 sinit
1542 1091 1807 1160 euagaref⁵

452 1223 465 1247 ³
481 1223 532 1262 A.
555 1222 643 1262 and
665 1222 713 1261 B.
736 1221 869 1261 insert
885 1236 954 1260 :—

776 1289 878 1327 Post
899 1286 1011 1338 quod
1033 1288 1086 1326 sit
1106 1285 1374 1337 dispendium
1395 1284 1542 1335 egenis
1562 1282 1766 1335 opponis;

773 1355 857 1395 Sed
875 1362 993 1407 patet
1012 1354 1278 1394 mendacium
1299 1354 1418 1405 prola
1427 1354 1456 1392 ti
1475 1352 1696 1398 sermonis,

772 1425 885 1464 Nam
905 1436 1037 1475 negas
1053 1422 1259 1474 judicium
1279 1427 1419 1460 rectae
1438 1419 1617 1459 rationis

775 1491 819 1531 Si
840 1503 926 1530 non
946 1492 1104 1530 bonum
1125 1489 1337 1542 proprium
1358 1487 1512 1527 talibus
1532 1486 1770 1538 praeponis.

776 1601 897 1645 Item,
921 1598 1198 1651 quaestuariis
1219 1609 1304 1636 non
1326 1603 1493 1635 tantum
1513 1594 1698 1634 aufertur

775 1669 995 1720 Quantum
1014 1666 1150 1707 modis
1171 1666 1265 1705 aliis
1286 1664 1443 1704 eisdem
1465 1663 1692 1703 confertur.

777 1736 952 1776 Fabiola
970 1735 1095 1774 variis
1115 1733 1298 1773 lauditus
1318 1733 1487 1772 effertur

776 1804 911 1857 Quod,
933 1804 1077 1843 effusis
1096 1802 1289 1855 propriis,
1311 1801 1572 1840 mendicasse
1591 1800 1731 1839 fertur.

778 1912 844 1951 Ad
863 1913 904 1951 id
924 1911 1035 1963 quod
1055 1911 1268 1962 objicitur:
1302 1910 1360 1948 Es
1380 1908 1564 1960 prudens
1583 1909 1649 1947 vel
1671 1907 1827 1947 stultus
1845 1918 1853 1953 3

781 1981 994 2032 Utrinque
1013 1979 1243 2031 acquiritur
1263 1984 1305 2017 et
1325 1984 1388 2016 est
1408 1978 1568 2015 fructus
1589 1975 1764 2022 multus,

779 2049 890 2088 Nam
910 2048 1066 2087 stultus
1085 2046 1307 2098 corrigitur
1328 2031 1636 2097 perdocti-inae
1657 2042 1808 2090 cultus,

781 2120 960 2171 Sapiens
981 2116 1194 2170 perficitur
1214 2116 1375 2156 meritis
1396 2114 1607 2154 suffultus.

454 2206 508 2245 In
533 2201 723 2254 thefifth
746 2202 847 2249 line,
872 2201 920 2241 B.
943 2201 1066 2240 reads
1086 2198 1276 2239 offertur.

456 2271 624 2319 2causa,
648 2270 701 2310 D.
1295 2264 1531 2304 3mundum
1553 2270 1793 2315 superante,
1818 2263 1862 2302 S.

459 2340 475 2363 ‘¹
490 2339 534 2378 S.
557 2338 681 2377 omits
703 2337 772 2377 the
792 2341 891 2376 next
910 2337 977 2375 six
995 2340 1188 2374 stanzas.
1303 2333 1547 2384 5adoptare,
1570 2332 1620 2370 A.

458 2407 474 2432 ⁶
489 2408 538 2446 A.
560 2407 647 2445 and
668 2406 716 2446 B.
739 2406 877 2445 insert
891 2420 959 2444 :—

783 2473 959 2523 Propter
979 2472 1061 2511 hoc
1082 2470 1129 2509 fit
1148 2469 1345 2521 patulum
1365 2467 1479 2520 quod
1498 2466 1676 2506 districti
1698 2466 1845 2514 simus,

783 2541 839 2579 Et
860 2539 971 2592 quod
990 2552 1067 2578 nos
1087 2538 1141 2577 ad
1159 2539 1328 2577 oculum
1350 2536 1537 2575 Domino
1556 2535 1773 2575 servimus.

784 2609 968 2647 Euntem
989 2606 1043 2645 ad
1062 2605 1276 2645 saeculum
1298 2604 1490 2643 oberrare
1510 2602 1678 2649 scimus,

783 2674 929 2715 Cordis
950 2675 1013 2713 sui
1033 2672 1234 2713 circulum
1255 2670 1460 2724 quadrare
1480 2669 1715 2721 nequimus.

785 2783 908 2834 Quod
927 2780 1198 2833 postmodum
1219 2778 1368 2831 objicis
1389 2778 1438 2817 de
1458 2785 1575 2816 statu
1594 2775 1785 2828 praelati,

786 2849 1044 2890 Solvendum
1064 2847 1278 2901 pontificis
1300 2848 1392 2886 sino
1410 2845 1589 2885 veritati.

788 2920 878 2957 Ista
897 2917 949 2957 de
971 2925 1012 2957 te
1032 2915 1218 2964 conficis,
1239 2922 1285 2953 ut
1305 2914 1365 2953 sic
1385 2912 1595 2965 indignati

788 2988 912 3026 Stant
932 2986 985 3025 de
1002 2984 1232 3029 beneficiis,
1255 2991 1403 3022 contra
1422 2994 1492 3021 me
1513 2981 1679 3020 turbati.

788 3094 854 3133 Ad
872 3093 975 3132 illud
994 3091 1108 3145 quod
1128 3091 1272 3142 objicis
1293 3090 1343 3129 de
1363 3089 1721 3141 praesumptione,

789 3163 837 3200 In
858 3173 1055 3212 processu
1076 3159 1232 3206 deficis,
1254 3170 1350 3197 cum
1371 3156 1671 3197 commissione

789 3232 982 3270 Doceant
1001 3227 1241 3280 pontificis;
1273 3234 1315 3266 et
1335 3238 1420 3278 qua
1440 3225 1601 3264 ratione

793 3298 888 3338 Hos
908 3297 1107 3348 indignos
1128 3294 1298 3346 conjicis
1318 3292 1647 3345 praedicatione,

792 3366 908 3417 Quos
929 3363 1157 3416 prudentes
1177 3362 1389 3413 conspicis
1409 3367 1538 3411 atque
1558 3359 1696 3398 famae
1717 3358 1854 3397 bonae
1874 3357 1891 3396 ?

793 3473 885 3512 Nec
904 3472 962 3510 illi
984 3479 1082 3511 sunt
1102 3469 1269 3521 proprie
1287 3467 1489 3507 monachi
1509 3466 1671 3506 dicendi

794 3539 958 3591 Quibus
976 3538 1094 3588 leges
1114 3537 1224 3576 aliae
1244 3535 1433 3586 ritusque
1452 3533 1619 3573 vivendi
1639 3547 1649 3580 3

796 3608 859 3647 Ut
877 3608 1049 3658 regulae
1069 3604 1175 3644 serie
1195 3610 1337 3655 potest
1357 3600 1654 3653 comprehendi

797 3677 891 3728 Qua
910 3676 1029 3714 datur
1052 3673 1201 3713 eximie
1220 3671 1400 3712 formula
1422 3669 1615 3709 docendi.
