2512 4034
695 276 1171 328 TRACTATUS
1214 273 1605 326 PAUPERIS
2052 278 2120 340 67

192 423 428 490 perfecte
468 438 749 489 pauperes,
788 437 1006 470 carnem
1063 426 1409 480 maceranteS,
1460 417 1685 484 gloriam
1740 418 2117 484 despicientes,

191 515 315 559 toto
341 507 524 557 studio
550 508 855 557 animarum
884 505 1112 555 salutem
1141 505 1320 556 verbis
1345 511 1399 554 et
1426 504 1681 570 operibus
1709 513 2118 569 promoventeS,

193 593 325 643 nihil
353 610 448 659 per
475 591 876 643 simulationem
905 598 961 640 et
987 591 1276 657 ypocrisim
1306 595 1612 656 operantes

307 678 354 727 E
393 686 582 729 contra
620 677 867 744 discipuli
908 676 1231 726 Antichristi
1264 683 1318 726 et
1356 676 1470 724 eius
1509 691 1845 739 precursores
1872 674 1924 724 in
1953 675 2125 741 primo

190 764 388 814 erunt1
435 764 684 814 homines
723 762 966 828 duplices
1006 770 1062 813 et
1101 761 1296 824 dolosi,
1337 761 1577 811 secundo
1623 759 1848 810 seculari
1900 760 2123 811 scientia

194 850 364 900 inflati
391 858 445 900 et
478 850 746 900 erroribus
786 849 944 915 pleni,
977 849 1028 912 3⁰
1055 847 1303 898 crudeles
1342 862 1690 913 oppressores
1730 862 2032 912 pauperum
2072 853 2126 896 et

194 936 423 986 aliorum
451 951 728 986 servorum
758 932 969 994 Christi,
987 930 1042 997 4⁰
1069 933 1254 1000 cupidi
1282 932 1594 982 divitiarum
1622 938 1908 994 amatoreS‚
1940 927 1989 995 5⁰
2015 949 2124 982 car-

196 1021 434 1072 nalitatis
471 1028 777 1082 sectatoreS,
823 1015 876 1070 6⁰
921 1018 1235 1085 temporalis
1272 1018 1442 1085 glorie
1487 1023 1776 1080 amatoreS,
1806 1015 1879 1081 v7O
1925 1018 1979 1067 in
2025 1017 2126 1067 hiis

193 1107 447 1158 omnibus
497 1107 623 1158 boni
676 1106 911 1173 speciem
965 1104 1368 1172 pretendentes,
1449 1103 1572 1154 Hec
1626 1116 1657 1167 7
1710 1120 1806 1170 per
1858 1115 1889 1165 7
1943 1105 2123 1169 capita

194 1193 444 1243 draconis
485 1193 662 1259 Apoc.
708 1206 769 1243 12
813 1195 878 1254 [V.
924 1192 972 1255 3]
1016 1192 1212 1242 estimo
1251 1190 1541 1256 designari.

306 1278 446 1330 Sunt
485 1277 646 1345 igitur
684 1277 926 1345 duplices
965 1284 1019 1327 et
1058 1277 1246 1339 dolosi,
1280 1277 1424 1327 unde
1466 1275 1757 1342 Gregorius
1797 1292 1954 1341 super
1992 1273 2125 1325 illud

192 1363 315 1429 Job.
351 1366 412 1415 16
454 1363 524 1430 [v.
558 1360 673 1427 10]:
726 1364 941 1413 “hostis
981 1378 1132 1412 meus
1178 1361 1506 1413 terribilibus
1554 1361 1723 1411 oculis
1769 1361 2000 1410 intuitus
2042 1367 2126 1411 est

197 1449 369 1512 me”;
412 1450 556 1512 dicit,
601 1450 742 1501 Mor.
790 1464 847 1514 13
893 1452 1027 1515 [cap.
1070 1450 1181 1509 X.]:
1239 1447 1440 1499 “Sicut
1493 1448 1773 1498 incarnata
1822 1446 2018 1497 veritas
2071 1447 2125 1496 in

195 1534 564 1601 predicatione
609 1553 704 1585 sua
748 1552 1015 1602 pauperes
1060 1543 1114 1585 et
1158 1535 1375 1599 ydiotas
1419 1542 1473 1584 et
1512 1533 1786 1600 simplices
1831 1532 2010 1599 elegit,
2051 1533 2127 1584 sic

191 1627 413 1671 econtra
438 1620 526 1671 ille
553 1620 880 1687 dampnatus
906 1620 1072 1670 homo
1103 1621 1173 1670 ad
1213 1618 1604 1686 predicandum
1643 1618 1933 1669 falsitatem
1974 1635 2127 1669 suam

194 1712 405 1756 astutos
431 1723 493 1756 ac
522 1706 764 1772 duplices
793 1712 846 1756 et
874 1705 1032 1756 huius
1062 1705 1252 1755 mundi
1271 1705 1556 1756 scientiam
1579 1704 1840 1754 habentes
1861 1704 2127 1754 electurus

192 1791 355 1844 est'':
415 1809 646 1858 quorum
701 1792 986 1859 duplicitas
1039 1791 1302 1856 figuratur
1355 1790 1534 1857 Apoc.
1586 1808 1620 1857 9
1667 1790 1736 1857 [v.
1793 1791 1985 1858 14-16]‚
2036 1789 2127 1840 ub'i

193 1877 424 1928 dicitur:
477 1877 673 1928 “solve
724 1885 960 1943 quatuor
1009 1877 1230 1943 angelos
1282 1877 1372 1943 qui
1424 1877 1577 1942 ligati
1629 1883 1754 1926 sunt
1806 1877 1859 1926 in
1904 1875 2128 1925 flumine

196 1979 397 2030 magno
444 1963 685 2025 Eufrate,
725 1971 780 2014 et
825 1963 988 2014 soluti
1030 1963 1200 2025 sunt,''
1247 1972 1364 2025 ete„
1409 1968 1507 2014 “et
1554 1979 1814 2013 numerus
1860 1963 2127 2027 equestris

191 2050 464 2099 exercitus
504 2049 674 2115 vigies
715 2049 910 2100 millies
949 2050 1090 2100 dena
1135 2049 1366 2100 millia''.
1448 2048 1704 2099 Eufrates
1744 2049 2129 2114 interpretatur

196 2135 420 2202 frugifer
446 2142 500 2185 et
527 2137 708 2202 signat
735 2137 789 2186 in
817 2135 1006 2186 mundi
1047 2135 1329 2202 opulentia
1368 2134 1675 2200 gloriantes,
1704 2134 1789 2184 cui
1830 2133 2127 2184 concordat

190 2221 343 2288 quod
378 2221 465 2272 hic
504 2220 699 2272 fluvius
738 2223 923 2272 circuit
964 2222 1302 2284 Babilonem,
1338 2229 1397 2272 ut
1435 2221 1566 2272 dicit
1603 2221 1801 2287 glossa.
1879 2220 2130 2287 Quatuor

195 2306 375 2371 angeli
403 2307 532 2357 mali
561 2307 944 2374 intelliguntur,
973 2308 1053 2359 i.e.
1083 2307 1357 2367 demoneS,
1385 2307 1619 2358 universi
1651 2306 1807 2372 quasi
1846 2305 2013 2373 ligati,
2046 2305 2128 2356 i.e„

195 2393 422 2442 veritate
449 2392 718 2442 dominice
745 2392 1009 2459 passionis
1037 2392 1305 2453 refrenati,
1332 2392 1422 2458 qui
1452 2391 1699 2443 solvendi
1728 2399 1855 2442 sunt
1881 2408 2005 2441 cum
2034 2408 2129 2457 per

197 2476 387 2528 mundi
414 2486 684 2528 amatores
713 2479 1093 2544 permittentur
1119 2480 1356 2546 apertius
1385 2479 1439 2528 in
1467 2478 1599 2528 alios
1639 2478 1914 2528 desevire:
1955 2477 2128 2527 vicen-

194 2563 338 2613 arius
366 2569 550 2613 autem
578 2580 834 2614 numerus
859 2564 1131 2630 duplicem
1159 2562 1442 2629 significat,
1472 2565 1609 2614 sicut
1648 2571 1702 2614 et
1741 2563 1813 2613 ibi
1853 2562 1986 2613 Luc,
2016 2562 2125 2613 ix.:

199 2648 252 2697 in
301 2662 366 2698 22
410 2647 622 2699 milibus
668 2649 814 2699 venit
858 2649 926 2699 ad
969 2649 1097 2700 me.'2
1175 2650 1300 2699 Hac
1340 2648 1632 2701 dolositate
1671 2651 1819 2716 prius
1856 2663 2126 2699 venenum

201 2750 360 2783 suum
400 2734 763 2796 occultabunt,
790 2734 917 2800 quia
957 2743 1112 2786 nacta
1153 2737 1563 2802 opportunitate
1600 2744 1791 2803 postea
1829 2733 2131 2784 effrenate3

201 2818 573 2885 predicabunt.
652 2819 818 2871 Unde
847 2819 1138 2887 Gregorius
1169 2821 1304 2874 Mor.
1337 2836 1399 2889 19
1426 2822 1584 2873 dicit:
1617 2827 1642 2849 “
1663 2821 1713 2871 N
1721 2837 1826 2872 unc
1855 2820 2129 2870 Dominus

201 2904 360 2971 [sicut
413 2906 691 2972 psalmiste
739 2923 869 2957 voce
920 2907 1133 2976 dicitur]
1178 2907 1316 2958 sicut
1359 2909 1416 2958 z'n
1471 2916 1588 2959 utre
1631 2914 1912 2973 congregat
1959 2923 2130 2971 aquas

200 2992 382 3042 maris,
463 2991 601 3042 Uter
639 2992 838 3058 quippe
876 3000 958 3042 est
994 2993 1224 3042 carnalis
1259 2994 1536 3060 cogitatio,
1618 2992 1780 3058 Aque
1807 3009 1938 3058 ergo
1966 2993 2129 3043 maris

199 3078 252 3127 in
292 3084 411 3127 utre
449 3085 777 3143 congregate
817 3086 956 3138 sunt,
984 3093 1107 3128 cum
1145 3077 1454 3129 amaritudo
1492 3095 1740 3144 perverse
1782 3078 1977 3128 mentis
2017 3094 2125 3128 non

198 3164 434 3229 erumpit
477 3163 715 3213 exterius
761 3163 814 3214 in
865 3163 1027 3213 verba
1077 3180 1240 3229 prave
1291 3162 1568 3214 libertatis
1643 3164 1844 3214 Veniet
1892 3161 2128 3229 perfecto

200 3256 417 3315 tempus
444 3248 664 3314 quando
690 3255 879 3298 contra
906 3248 1188 3299 ecclesiam
1217 3249 1453 3316 perversi
1479 3258 1643 3315 atque
1670 3248 1905 3299 carnales
1943 3257 2129 3316 aperta

199 3350 331 3384 voce
372 3334 669 3400 predicent,
695 3333 842 3399 quod
883 3350 1027 3384 nunc
1067 3335 1280 3385 occulta
1317 3333 1714 3385 machinatione
1750 3334 2127 3387 moliuntur3'4

307 3449 320 3472 1
336 3449 384 3488 B.
409 3456 508 3487 sunt
529 3448 594 3488 vel
615 3456 739 3488 erunt
756 3447 835 3499 for
858 3448 899 3486 in
921 3449 1056 3499 primo
1078 3456 1215 3488 erunt.

309 3515 324 3539 2
339 3516 388 3554 B.
410 3519 435 3538 “
452 3516 556 3555 Luc.
581 3528 627 3567 14
650 3515 691 3553 in
713 3529 776 3555 XX.
800 3515 970 3555 milibus
989 3516 1105 3554 venit
1126 3515 1179 3554 ad
1200 3528 1244 3555 se
1260 3516 1299 3555 ’'.
1359 3516 1377 3554 Ῑ
1400 3517 1506 3555 have
1526 3516 1654 3556 failed
1668 3523 1711 3557 to
1727 3516 1816 3556 find
1833 3518 1905 3556 the
1923 3529 2122 3570 passage.

310 3583 326 3606 ³
341 3583 391 3622 O.
415 3583 578 3623 effrent'
597 3596 606 3630 ;
637 3583 686 3621 B.
709 3583 854 3621 effret'.

308 3648 324 3671 ⁴
339 3648 489 3688 Moral.
511 3647 590 3689 xix.
612 3660 702 3700 cap.
725 3648 778 3688 ix,
799 3660 806 3687 :
841 3647 1119 3699 (cogitatione
1136 3647 1213 3699 for
1234 3647 1584 3701 machinatione).
