2512 4034
433 246 831 298 DEFENSIO
875 246 1264 298 FRATRUM
1310 245 1951 299 MENDICANTIUM
2047 248 2139 311 165

581 392 597 420 1
620 391 742 442 Istis
769 405 895 457 ergo
923 389 1181 456 pabulum
1205 388 1222 417 2
1249 389 1485 454 spiritale
1511 388 1666 449 don0‚

581 476 819 526 Iminens
846 475 1140 541 periculum
1169 473 1221 524 in
1249 491 1356 539 quo
1382 481 1508 524 sunt
1534 491 1762 540 expono.

579 562 680 612 Pro
706 577 825 611 rosa
851 560 985 611 dant
1005 558 1022 588 3
1049 560 1300 610 tribulum
1327 567 1381 609 et
1410 558 1612 610 malum
1641 577 1736 626 pro
1763 559 1918 622 bon0‚

578 647 900 712 Liuorisque
919 645 938 674 4
963 645 1241 697 stimulum
1269 645 1517 695 mihimet
1543 661 1760 712 oppono
1782 643 1800 673 ⁵

584 811 811 862 quenes
839 810 1013 861 allicio
1033 810 1051 839 6
1077 818 1366 876 antequam
1395 817 1688 871 senescant,

578 896 658 947 Vt
685 897 771 947 dei
798 896 1020 947 seruicio
1048 896 1268 962 paulum
1298 913 1355 946 se
1381 897 1722 957 assuescant,⁷

578 982 663 1032 Ne
683 982 702 1011 8
728 990 942 1048 patrum
968 981 1195 1047 vestigio
1221 981 1396 1032 forsan
1423 981 1768 1044 inherescant,

577 1069 651 1119 Et
670 1068 689 1098 ⁹
715 1068 939 1119 confecti
968 1069 1117 1118 senio
1144 1068 1290 1118 viciis
1317 1066 1608 1118 tabescant.

584 1223 635 1273 N
639 1240 698 1274 ec
727 1229 905 1289 patres
933 1222 1001 1273 de
1028 1222 1167 1285 filiis,
1196 1230 1278 1273 set
1306 1221 1374 1273 de
1400 1239 1517 1273 sese
1543 1223 1752 1289 plorent
1775 1223 1784 1273 ἱ

237 1323 257 1360 1
275 1322 339 1360 10
583 1308 642 1360 Si
669 1316 922 1359 vacarent
947 1308 1094 1359 viciis
1121 1308 1256 1359 forte
1283 1308 1373 1360 leti
1397 1308 1437 1337 10
1464 1307 1642 1360 forent
1669 1327 1679 1370 ;

580 1393 659 1445 Vt
686 1412 742 1445 se
769 1394 901 1445 dent
927 1395 1164 1446 cenobiis
1191 1394 1326 1446 filios
1353 1394 1660 1460 implorent,

576 1481 656 1532 Vt
678 1480 718 1510 11
748 1497 843 1547 pro
868 1481 1037 1547 culpis
1065 1482 1292 1549 propriis
1319 1487 1373 1531 et
1400 1489 1688 1547 parentum
1711 1490 1866 1534 orent
1888 1484 1897 1535 ἒ

579 1636 788 1686 Vocem
812 1635 852 1665 12
882 1635 1078 1688 Christi
1106 1637 1298 1686 siccine
1318 1634 1359 1665 13
1389 1637 1588 1702 poteris
1616 1636 1839 1689 audire?

580 1721 760 1782 Miser,
791 1737 986 1787 paruos
1014 1723 1220 1772 sustine
1241 1720 1281 1748 14
1306 1720 1375 1772 ad
1404 1719 1679 1773 Christum
1706 1724 1887 1773 venire
1909 1740 1920 1783 ;

580 1807 691 1873 Qui
721 1815 815 1858 tua
837 1804 876 1836 15
902 1808 1108 1873 origine
1130 1806 1220 1857 filii
1249 1814 1376 1857 sunt
1402 1804 1542 1867 ire,16

580 1893 631 1943 A
661 1894 848 1946 salutis
875 1895 1081 1946 lumine
1106 1891 1213 1944 noli
1241 1894 1524 1960 prepedire
1543 1894 1581 1925 17

583 2059 833 2112 Canones
860 2061 1223 2111 communiter
1247 2076 1359 2111 non
1386 2067 1598 2111 cessant
1625 2061 1859 2111 clamare
1882 2079 1893 2122 ;

584 2146 907 2197 Proximum
935 2147 1029 2212 qui
1056 2145 1294 2211 grauiter
1317 2146 1510 2197 viderit
1537 2145 1770 2208 errare,18

581 2232 823 2283 Tenetur
848 2231 1076 2283 fideliter
1099 2233 1275 2298 ipsum
1304 2248 1557 2283 reuocare
1580 2251 1592 2295 ;

234 2331 334 2369 120
581 2317 734 2369 Alias
759 2318 1003 2369 similiter
1030 2325 1362 2369 monstratur
1383 2316 1423 2349 19
1449 2335 1626 2369 errare
1645 2339 1656 2380 ;

580 2472 744 2524 Vnde
772 2472 888 2539 lege
908 2471 949 2502 2⁰
972 2473 1142 2524 veteri
1168 2472 1274 2523 fuit
1302 2473 1630 2540 imperatum
1657 2492 1668 2535 ;

578 2559 638 2611 Si
665 2559 891 2610 asellum
918 2560 1065 2610 oneri
1088 2557 1128 2587 21
1157 2559 1351 2610 videris
1379 2558 1782 2622 substratum‚22

583 2644 880 2712 Nunquam
909 2645 1062 2697 illum
1090 2647 1302 2712 preteri,
1333 2652 1415 2697 set
1442 2645 1561 2698 leua
1586 2654 1886 2713 grauatum,

581 2731 656 2783 Et
683 2732 861 2783 tradas
882 2731 920 2762 23
947 2732 1121 2783 itineri
1147 2731 1300 2794 plene
1329 2733 1649 2785 releuatum.

340 2898 354 2923 1
379 2899 424 2937 S.
445 2898 569 2939 omits
592 2898 659 2938 the
680 2904 778 2938 next
797 2912 920 2939 seven
941 2903 1134 2939 stanzas.
1444 2900 1461 2924 2
1484 2899 1585 2938 Plus
1605 2911 1707 2951 ergo
1728 2910 1824 2938 cum
1845 2897 2061 2949 pabulum,
2085 2896 2136 2936 A.

341 2966 358 2991 3
379 2964 513 3014 datur,
532 2967 583 3007 D.
778 2966 794 2991 4
817 2966 1022 3014 Invidiae,
1053 2968 1103 3007 A.
1443 2968 1458 2992 ⁵
1480 2979 1663 3019 appono,
1686 2968 1735 3007 A.

342 3033 358 3058 ⁶
380 3034 525 3084 eripio,
548 3035 598 3074 A.
780 3034 797 3059 7
819 3035 1026 3085 paulatim
1047 3043 1259 3081 suescant,
1281 3037 1330 3075 A.
1444 3035 1460 3060 3
1483 3035 1539 3074 Et
1558 3035 1608 3075 A.

339 3100 356 3125 9
379 3102 460 3148 Ne,
474 3102 539 3148 A„
563 3101 700 3141 which
724 3101 829 3141 with
853 3102 966 3142 these
987 3102 1230 3143 variations
1253 3105 1490 3155 transposes
1512 3102 1581 3142 the
1602 3101 1722 3141 third
1741 3101 1829 3140 and
1837 3099 1996 3152 fourth
2020 3099 2138 3139 lines.

340 3168 374 3193 1⁰
395 3168 507 3216 lecti,
530 3170 581 3208 A.
776 3170 811 3194 11
835 3171 940 3217 Nec,
966 3171 1019 3209 D.
1433 3170 1467 3195 12
1488 3170 1661 3216 Necem‚
1685 3169 1739 3209 D.

338 3235 371 3261 13
391 3236 562 3284 sicsine,
585 3237 648 3284 C.‚
673 3237 725 3278 D.
1435 3238 1471 3262 14
1488 3237 1627 3284 sinite,
1648 3237 1700 3277 D.
1719 3248 1728 3283 ;
1759 3248 1912 3288 pueros
1927 3235 2086 3283 desine,
2103 3237 2154 3276 A.

342 3304 378 3328 15
401 3316 488 3352 sua,
510 3304 559 3344 A.
781 3304 817 3330 1⁶
837 3305 945 3352 viae,
968 3307 1016 3345 A.
1436 3304 1470 3329 ¹⁷
1491 3304 1708 3356 impedire,
1728 3306 1778 3343 A.
2195 3297 2200 3302 ’

343 3371 381 3396 18
403 3371 486 3422 Qui
507 3372 741 3423 proximum
765 3372 946 3423 graviter
964 3372 1118 3412 viderit
1138 3385 1329 3425 peceare,
1351 3374 1401 3413 A.

348 3438 385 3464 19
406 3452 452 3479 se
471 3446 696 3486 monstrat,
717 3441 766 3479 A.
1439 3439 1474 3465 ²⁰
1495 3440 1614 3491 Lege
1633 3437 1814 3491 quidem,
1836 3439 1887 3478 A.

343 3507 379 3532 21
401 3506 599 3554 hominis,
622 3507 675 3546 D.
790 3506 826 3531 22
848 3507 957 3546 Cum
977 3506 1131 3547 videris
1150 3506 1268 3547 oneri
1290 3506 1456 3547 asinum
1479 3507 1726 3558 subjectum,
1749 3507 1800 3546 A.

348 3575 386 3600 23
407 3573 571 3622 reddas,
593 3575 643 3614 A.
