2512 4034
347 264 410 317 52
1137 245 1470 298 PECHAM

339 411 447 445 non
487 393 656 444 dividi
694 410 726 442 a
763 392 1099 459 possessione
1140 389 1453 456 intelligitur
1489 388 1558 439 de
1595 405 1662 439 eo
1701 389 1790 454 qui
1829 389 1994 440 utitur
2038 389 2259 456 propria

342 478 699 540 auctoritate,
762 477 1000 542 alioquin
1063 474 1227 525 habet
1273 474 1587 525 instantiam
1639 473 1693 523 in
1746 490 1900 524 servo
1952 474 2041 539 qui
2092 475 2259 524 utitur

341 567 565 632 pecunia
607 563 809 614 domini
848 565 926 612 sui
963 562 1198 612 emendo
1236 567 1330 610 aut
1369 559 1707 627 negociando
1747 574 1845 625 pro
1885 560 2109 610 domino
2146 576 2258 610 suo,

345 652 432 701 Ita
459 651 578 701 dico
608 649 799 700 fratres
837 647 1015 714 aliquo
1054 646 1217 697 modo
1253 647 1328 696 uti
1369 652 1596 712 possunt
1635 646 1864 711 pecunia
1904 643 2076 695 aliena
2114 644 2260 711 quod

341 736 652 795 dominium,
680 743 734 785 et
769 733 811 783 si
850 733 1096 783 videatur
1134 730 1321 780 inutile
1361 731 1585 781 domino
1623 732 1850 796 pecunie
1888 737 2150 796 quantum
2190 729 2259 780 ad

341 822 547 873 lucrum
584 818 892 887 temporale,
925 835 1031 868 non
1072 823 1151 866 est
1192 824 1375 867 tamen
1416 816 1604 867 inutile
1642 822 1906 882 quantum
1947 815 2017 865 ad
2056 815 2259 865 lucrum

343 906 617 975 spirituale
656 902 918 956 mercedis
956 910 1164 964 eterne;
1205 908 1258 951 et
1296 918 1481 952 revera
1518 900 1704 951 fratres
1743 917 1849 950 non
1888 907 2002 950 tam
2039 906 2263 950 utuntur

345 993 571 1061 pecunia
598 1007 762 1058 quam
792 1007 847 1040 re
873 1006 978 1055 que
1006 988 1232 1054 pecunia
1271 987 1649 1054 comparatur.]
1674 986 1690 1015 1
1770 985 1878 1036 Sed
1919 987 2046 1052 quia
2086 986 2157 1035 sic
2195 985 2265 1034 de

346 1085 663 1146 paupertate
690 1075 836 1127 nulla
861 1081 1103 1141 superest
1119 1071 1419 1122 consolatio
1435 1072 1756 1139 temporaliS,
1775 1072 2027 1124 indicitur
2046 1080 2228 1123 mutua
2245 1068 2265 1097 2

344 1164 638 1216 consolatio
675 1160 882 1214 socialis
920 1168 975 1211 et
1013 1157 1291 1210 humilitas
1330 1166 1516 1209 mutue
1554 1157 1831 1219 servitatiS‚
1858 1158 1925 1208 de
1963 1175 2068 1224 qua
2107 1158 2270 1224 plena

346 1259 472 1301 sunt
509 1249 800 1315 evangelia,
839 1249 978 1298 sicut
1018 1246 1161 1297 dixit
1204 1245 1474 1296 Dominus
1519 1245 1590 1295 10.
1641 1259 1699 1309 13
1741 1244 1811 1310 [v.
1855 1258 1881 1308 3
1895 1244 1974 1310 5]:
2017 1244 2126 1294 “In
2167 1243 2268 1294 hoc

347 1343 678 1404 cognoscent
730 1351 920 1386 omnes
983 1334 1108 1399 quia
1164 1331 1411 1398 discipuli
1476 1331 1581 1380 mei
1632 1330 1774 1391 estis,
1828 1331 1871 1380 si
1922 1328 2269 1380 dilectionem

347 1422 636 1473 habueritis
675 1422 742 1471 ad
782 1418 1064 1470 invicem'’.
1148 1419 1289 1469 Hinc
1329 1417 1471 1468 dixit
1511 1416 1783 1466 Dominus
1823 1415 2001 1478 Petro,
2045 1416 2173 1466 Luc,
2204 1430 2271 1466 22

348 1509 417 1575 [v.
460 1508 578 1574 32]:
621 1511 646 1531 “
668 1507 754 1556 Tu
794 1505 1082 1571 aliquando
1121 1520 1406 1554 conversus
1445 1500 1702 1551 confirma
1740 1500 1929 1551 fratres
1967 1508 2086 1551 tuos
2106 1501 2144 1553 '’.

463 1593 618 1659 (Cap.
670 1594 781 1654 vii.)
842 1591 912 1642 δέ
957 1591 1049 1657 qm'
1079 1592 1291 1655 fratres
1306 1588 1324 1616 3
1374 1589 1662 1654 z‘nstzgante
1712 1588 1922 1638 inimico
1980 1587 2278 1638 mortaliter

338 1680 685 1746 peccaverint,
739 1686 835 1729 ete.
915 1677 980 1726 In
1033 1677 1186 1726 huius
1238 1675 1466 1741 figuram
1522 1673 1790 1725 Dominus
1855 1691 1950 1723 sue
2013 1673 2273 1723 curationi

352 1767 590 1816 maiora4
628 1764 882 1815 demonia
916 1763 1088 1814 voluit
1127 1763 1399 1823 reservari,
1429 1762 1566 1811 sicut
1604 1768 1755 1827 patet
1784 1759 1912 1810 Luc,
1949 1771 2008 1822 17
2041 1760 2150 1822 (sic)
2175 1758 2193 1787 5
2220 1759 2273 1808 in

353 1853 624 1902 curatione
665 1850 899 1910 lunatici,
932 1849 999 1898 de
1039 1865 1143 1914 quo
1182 1848 1254 1898 ibi
1292 1849 1513 1906 dicitur:
1558 1844 1793 1911 “Optuli
1834 1861 1957 1895 eum
2000 1843 2277 1910 discipulis

354 1939 455 1989 tuis
494 1945 548 1987 et
584 1953 693 1986 non
731 1942 1018 2002 potuerunt
1056 1951 1242 1985 curare
1279 1932 1459 1984 eum”.

462 2023 620 2090 (Cap.
652 2023 782 2087 viii.)
820 2021 1293 2085 Um'versz'fmtres
1317 2036 1485 2068 meum
1512 2019 1574 2069 de
1585 2017 1875 2082 frutribus,
1902 2022 2002 2066 etc.
2082 2014 2278 2066 Omnis

358 2109 653 2160 multitudo
679 2108 747 2158 ad
784 2124 950 2158 unum
987 2108 1220 2172 primum
1248 2104 1543 2155 reducitur6
1567 2111 1659 2154 aut
1686 2103 1791 2153 cito
1825 2101 2109 2153 divellitur.
2187 2100 2279 2152 Sic

357 2196 578 2247 ecclesia
628 2195 698 2245 ad
765 2194 905 2244 Petri
955 2195 1210 2243 verticem
1271 2191 1618 2242 terminatur:
1668 2190 1741 2240 sic
1804 2196 1950 2239 totus
2001 2189 2136 2239 ordo
2189 2190 2280 2238 uni

359 2281 591 2348 generali
644 2280 890 2330 ministro
952 2278 1225 2339 subicitur,
1278 2278 1424 2343 quod
1489 2277 1533 2326 si
1596 2275 1886 2341 aliquando
1947 2275 2282 2325 contrarium

358 2367 603 2428 evenerit,
656 2366 802 2432 quod
855 2365 1005 2415 Deus
1056 2371 1262 2414 avertat
1315 2362 1539 2423 evenire,
1591 2362 1689 2412 erit
1753 2378 1971 2412 necesse
2034 2360 2278 2411 ordinem

358 2453 602 2505 desolari.
679 2452 864 2503 Sicut⁷
891 2451 1084 2501 dicitur
1114 2451 1244 2500 Mat.
1284 2463 1344 2499 12
1380 2454 1441 2513 [v.
1473 2463 1501 2498 2
1513 2450 1591 2517 5]:
1640 2447 1867 2499 “Omne
1894 2462 2118 2513 regnum
2146 2447 2197 2496 in
2225 2463 2283 2497 se

361 2541 591 2592 divisum
628 2538 957 2589 desolabitur
974 2536 1012 2589 '’.
1080 2538 1153 2587 Et
1181 2536 1316 2587 bene
1341 2534 1569 2586 traditur
1595 2534 1859 2602 generalis
1892 2533 2110 2600 capituli
2137 2534 2287 2583 insti-

360 2629 512 2690 tutio,
538 2629 591 2676 in
629 2642 736 2691 quo
775 2625 835 2677 fit
871 2623 1075 2674 ordinis
1115 2622 1440 2683 reformatio,
1469 2621 1778 2671 informatio
1805 2619 1894 2670 et8
1933 2619 2284 2680 conservatiO,

363 2714 493 2765 dum
538 2711 777 2779 generali
823 2711 1081 2771 ministrO,
1124 2709 1324 2761 Christi
1365 2709 1418 2758 in
1458 2707 1647 2758 ordine
1685 2706 1898 2767 vicariO,
1941 2704 2146 2755 ordinis
2191 2721 2286 2770 per

365 2799 551 2850 orbem
591 2796 814 2864 dispersi
851 2798 1074 2847 adversa
1113 2802 1164 2845 et
1193 2811 1451 2862 prospera
1477 2793 1811 2843 nunciantur.
1891 2790 1983 2843 Sic
2022 2798 2144 2857 post
2178 2790 2284 2841 dis-

365 2886 665 2954 persionem
692 2883 885 2934 reversi
910 2888 1034 2933 sunt
1054 2880 1301 2948 discipuli
1322 2896 1443 2931 cum
1464 2879 1662 2946 gaudio
1683 2878 1919 2929 dicentes
1936 2894 1946 2924 ε
1963 2877 1982 2907 9
2010 2881 2034 2902 “
2051 2877 2288 2927 Domine

367 2972 528 3022 etiam
557 2969 810 3020 demonia
836 2966 1171 3018 subiciuntur
1196 2965 1398 3028 nobiS,”
1426 2973 1525 3017 ete.

479 3055 630 3122 (Cap.
666 3055 762 3120 ix.)
798 3054 1021 3104 Fratres
1057 3071 1159 3103 non
1186 3053 1460 3118 predicent
1492 3052 1549 3101 2'72
1577 3051 1866 3115 episcopatu
1903 3048 2129 3099 alicuius
2165 3048 2288 3112 epis·

369 3144 494 3208 copi,
524 3150 621 3193 etc,
705 3141 810 3191 Hic
849 3140 1066 3206 ponitur
1103 3139 1400 3206 capitulum
1441 3138 1509 3188 de
1547 3137 1914 3204 predicatione
1954 3134 2193 3194 fratrum,
2234 3134 2289 3182 in

508 3303 521 3326 1
543 3301 644 3340 This
660 3303 854 3351 passage,
878 3300 1037 3338 Contra
1068 3327 1076 3337 .
1110 3329 1119 3338 .
1153 3328 1161 3338 .
1193 3304 1474 3349 comparatur,
1495 3309 1633 3335 occurs
1654 3295 1700 3334 in
1722 3296 1854 3334 B.V.:
1886 3298 1957 3332 not
1977 3293 2022 3332 in
2044 3292 2149 3331 O.F.

508 3370 524 3393 2
542 3369 590 3408 O.
621 3381 697 3407 om.
719 3366 958 3406 consolatio
989 3396 998 3406 .
1031 3396 1040 3407 .
1072 3395 1081 3406 .
1112 3372 1287 3413 mutua;
1319 3366 1365 3404 F.
1387 3364 1510 3404 reads
1529 3363 1663 3403 multa
1671 3363 1751 3414 sor
1771 3369 1931 3401 mutua.

508 3438 523 3460 ³
539 3437 643 3476 V.F.
672 3436 857 3474 fratrum.
1078 3434 1094 3457 4
1113 3434 1271 3473 B.V.F.
1303 3432 1509 3484 graviora.
1730 3430 1745 3454 5
1762 3430 1869 3468 Mat.
1891 3427 1986 3467 xvii.
2013 3438 2072 3476 15.

510 3504 525 3527 ὃ
543 3504 591 3542 F.
621 3503 676 3542 ad
695 3515 827 3541 unum
848 3502 1028 3553 primum
1049 3500 1220 3540 unicum
1241 3508 1369 3551 eaput
1389 3499 1572 3550 respicit.

511 3570 526 3595 ⁷
544 3570 646 3610 B.F.
669 3578 727 3609 ut.
1084 3568 1100 3592 3
1117 3569 1168 3607 Ο.
1197 3580 1276 3607 om.
1298 3566 1542 3606 informatio
1563 3572 1618 3604 et.
1731 3564 1746 3588 9
1763 3564 1867 3602 Luc.
1888 3576 1926 3602 X.
1956 3573 2016 3611 17.
