2512 4034
363 269 424 330 58
1150 265 1477 317 PECHAM

351 409 580 458 vestium
633 409 890 460 vilitatem
943 410 1287 460 introducunt
1337 411 1575 460 tunicam
1630 409 1829 460 Christi
1894 412 2271 462 inconsutilem

352 510 514 560 quam
542 495 727 545 dicunt
752 495 917 545 fuisse
945 495 1012 545 de
1039 496 1206 544 serico
1232 496 1436 545 curiose
1463 497 1780 562 compositO.
1864 496 2002 546 Item
2032 496 2279 547 Bartolo-

353 595 502 629 meus
530 581 805 645 apostolus
831 581 1023 647 legitur
1049 597 1285 647 purpura
1314 599 1439 631 usus
1467 581 1688 632 clavata.

465 664 739 728 [Peccham
790 666 972 730 replz‘es
1009 667 1143 732 first
1189 666 1320 715 wz‘tlz
1370 680 1403 715 a
1445 666 1672 732 general
1719 667 2101 732 introduction]
2146 709 2154 717 .
2203 709 2212 718 .
2261 709 2270 718 .

352 749 572 800 Certum
601 759 681 800 est
707 751 851 817 quod
882 751 1126 802 Christus
1160 753 1376 802 incessit
1415 753 1499 800 via
1538 751 1855 801 humilitatis
1895 759 1950 801 et
1987 753 2281 802 exterioris-

351 835 663 886 abiectionis
714 843 772 886 ut
823 835 1119 886 destrueret
1169 839 1548 902 arrogantiam.
1594 879 1603 888 .
1644 880 1653 889 .
1694 879 1702 888 .
1743 836 1836 886 Ad
1883 836 2271 903 perfectionem

352 937 480 987 ergo
521 922 814 986 penitentie
860 921 1090 987 pertinet
1133 922 1482 987 semetipsum
1529 922 1763 973 exterius
1808 921 2274 988 contemptibilem

350 1006 620 1068 exhibere,
668 1006 897 1057 honores
949 999 1143 1073 fugere,
1195 1024 1303 1057 non
1355 1015 1570 1057 tantum
1618 1008 1922 1058 mundanos
1969 1007 2062 1057 sed
2107 1009 2272 1057 etiam

351 1092 748 1153 ecclesiasticos,
794 1094 1052 1160 exemplo
1107 1094 1344 1144 Domini.
1387 1135 1396 1144 .
1442 1135 1451 1145 .
1493 1135 1503 1145 .
1545 1094 1638 1144 Ad
1691 1094 1792 1143 hoc
1844 1095 2076 1160 pertinet
2122 1110 2177 1143 se
2222 1093 2275 1142 in

349 1177 544 1227 vilibus
597 1178 785 1228 officiis
837 1187 1006 1229 metas
1057 1197 1164 1229 non
1216 1180 1600 1232 excedentibus
1653 1179 1954 1230 honestatis
2004 1195 2281 1240 exercere,

351 1262 578 1332 sicutin
628 1264 873 1313 lavandis
920 1266 1147 1330 pedibus
1198 1265 1436 1329 fratrum,
1487 1273 1600 1324 eto,
1645 1264 1905 1332 exemplo
1959 1264 2272 1316 Salvatoris.

351 1390 361 1400 .
409 1390 418 1399 .
465 1392 473 1401 .
519 1349 757 1400 Pertinet
795 1351 1011 1416 insuper
1050 1352 1118 1401 ad
1161 1351 1516 1417 penitentiam
1556 1352 1814 1416 asperitas
1856 1352 1909 1400 in
1948 1349 2190 1400 vestibus
2221 1357 2275 1399 et

348 1435 677 1486 victualibus.
760 1436 819 1485 In
846 1435 1081 1486 vestibus
1110 1444 1169 1487 ut
1195 1437 1374 1497 cilicia,
1405 1437 1567 1487 lorice
1593 1445 1646 1486 et
1673 1436 2006 1487 huiusmodi:
2049 1435 2103 1485 in
2131 1436 2279 1486 victu
2328 1460 2331 1461 ⁷

350 1522 504 1586 panis
532 1521 819 1582 ordeacius,
846 1540 983 1588 aqua
1009 1532 1063 1573 et
1091 1522 1212 1573 faba
1238 1531 1291 1573 et
1317 1523 1523 1574 similia.
1604 1523 1696 1573 Ad
1724 1521 1826 1573 hoc
1852 1523 2015 1573 etiam
2044 1521 2278 1587 pertinet

348 1622 538 1672 corpus
565 1607 843 1658 laboriosis
871 1610 1117 1675 operibus
1145 1627 1360 1661 vexare.
1400 1651 1407 1659 .
1451 1651 1461 1660 .
1503 1651 1511 1659 .

457 1690 628 1756 [Eaclz
666 1705 949 1762 (zrgmlzem
970 1697 1016 1746 is
1042 1697 1159 1747 tlzen
1193 1697 1476 1747 answer‘ed
1496 1698 1550 1746 2⁰72
1577 1706 1712 1755 turn,
1745 1713 1828 1761 eg.
1854 1698 1893 1765 :]
1935 1694 2025 1745 Ad
2054 1694 2271 1743 tertium

349 1779 636 1830 dicendum
667 1782 811 1847 quod
838 1782 1105 1848 perfectus
1135 1783 1323 1833 melius
1350 1783 1508 1833 sciret
1535 1783 1626 1838 uti,
1657 1781 1750 1832 sed
1779 1790 1962 1831 tamen
2004 1780 2274 1847 perfectus

349 1865 446 1914 scit
487 1867 589 1916 ista
628 1868 726 1918 sibi
768 1870 943 1918 minus
981 1886 1274 1935 congruere
1314 1866 1464 1933 [witlz
1493 1886 1657 1933 many
1695 1869 1991 1935 quotations
2012 1868 2166 1931 from
2195 1865 2284 1916 tlze·

335 1952 587 2015 fathers]
628 1995 635 2003 .
679 1995 687 2004 .
729 1997 737 2006 .
780 1954 870 2005 Ad
899 1972 1101 2005 nonum
1130 1956 1422 2006 dicendum
1452 1954 1595 2021 quod
1623 1955 1971 2005 comedentes
1999 1969 2120 2003 cum
2157 1951 2279 2002 aliis

349 2045 440 2088 aut
469 2046 589 2088 sunt
617 2040 856 2106 hospites
884 2049 1225 2092 transeuntes
1252 2049 1343 2091 aut
1371 2041 1721 2107 professionis
1750 2039 1974 2090 sodales.
2057 2039 2115 2090 Si
2156 2038 2275 2087 hos-

352 2125 504 2189 pites,
550 2128 774 2176 omnino
812 2127 1139 2191 conformari
1185 2145 1292 2178 non
1335 2127 1549 2188 debent,
1579 2128 1622 2176 si
1662 2126 1731 2176 ad
1772 2127 2022 2176 artiorem
2063 2123 2277 2174 vivendi

352 2212 576 2261 modum
629 2230 700 2262 ex
750 2214 1082 2280 professione
1133 2222 1397 2275 tenentur,
1449 2213 1592 2263 unde
1645 2212 1936 2278 persistant
1988 2212 2041 2260 in
2100 2212 2277 2276 rigore

350 2299 644 2362 penitentie
671 2315 777 2359 sue,
805 2300 921 2351 aliis
948 2300 1015 2349 ad
1044 2301 1172 2367 quid
1201 2302 1276 2351 eis
1304 2300 1609 2350 conandum
1636 2301 1702 2348 sit
1723 2298 2069 2349 ostendentes
2091 2315 2105 2359 ;.
2130 2297 2276 2363 quod

352 2387 395 2434 si
423 2385 493 2433 ad
520 2387 775 2436 artiorem
804 2403 959 2437 usum
995 2387 1233 2437 ciborum
1273 2400 1377 2437 non
1418 2393 1683 2448 tenentur,
1712 2402 1784 2435 ex
1824 2383 2021 2450 regula,
2050 2389 2275 2449 possunt

349 2471 425 2519 uti
474 2472 735 2537 appositis
784 2475 947 2524 etiam
1002 2474 1115 2523 sine
1168 2473 1361 2523 iniuria
1415 2472 1776 2539 perfectionis.
1829 2513 1836 2522 .
1891 2513 1899 2521 .
1953 2512 1962 2521 .
2007 2468 2096 2520 Sic
2146 2485 2280 2534 ergo

352 2564 531 2622 potest
558 2560 693 2608 sumi
721 2558 866 2625 quod
896 2559 1188 2626 apponitur
1223 2559 1505 2609 moderate
1541 2558 1657 2607 sine
1692 2555 2034 2623 perfectionis
2066 2556 2271 2615 iniuria,

352 2643 395 2692 si
433 2652 615 2694 tamen
657 2646 846 2695 caritas
886 2646 984 2695 hoc
1025 2646 1244 2711 requirit
1290 2654 1344 2696 et
1385 2644 1778 2704 condescensio,
1819 2643 1953 2692 sicut
2005 2642 2281 2691 Dominus

351 2747 471 2779 cum
501 2731 791 2796 publicanis
818 2732 1140 2782 comedebat
1183 2773 1191 2782 .
1236 2773 1246 2782 .
1290 2751 1330 2782 .:
1370 2732 1513 2797 quod
1547 2731 1588 2779 si
1616 2746 1715 2780 nec
1742 2729 1844 2779 hoc
1872 2730 2101 2794 requirat
2128 2727 2277 2776 edifi-

351 2817 493 2864 catio
519 2816 745 2867 aliorum
773 2835 868 2867 nec
894 2819 962 2867 sit
988 2818 1289 2884 periculum
1317 2817 1570 2878 scandali,
1598 2832 1781 2865 secure
1808 2814 1960 2864 illum
1999 2814 2121 2863 dico
2160 2829 2280 2878 per-

352 2901 538 2951 fectius
565 2919 722 2967 agere
751 2904 840 2969 qui
870 2904 1014 2953 cedit
1044 2905 1139 2953 iuri
1168 2921 1263 2954 suo
1291 2902 1564 2954 vilioribus
1595 2909 1883 2952 contentus
1920 2899 2142 2960 cibariis,
2172 2914 2281 2963 que*

349 2989 464 3036 sine
490 2989 636 3038 tedio
663 2989 847 3039 haberi
878 2998 1104 3056 possunt
1132 2991 1568 3040 ministrantium.
1611 3029 1620 3039 .
1665 3031 1674 3039 .
1723 3025 1731 3034 .
1777 2987 1937 3053 Quod
1977 3002 2106 3052 ergo
2144 2985 2275 3035 dicit

353 3073 501 3124 ‘illos
529 3076 679 3140 argui
707 3077 794 3140 qui
822 3076 1034 3142 spretos
1062 3083 1176 3137 eto,
1207 3075 1491 3126 manifeste
1529 3091 1717 3124 verum
1759 3073 1903 3123 dicit.
1981 3071 2091 3138 Qui
2130 3069 2276 3120 enim.

350 3161 496 3209 viam
525 3176 866 3210 communem
894 3163 1111 3228 spernit,
1141 3161 1283 3211 male
1310 3161 1467 3212 facit:
1511 3160 1599 3226 qui
1627 3175 1756 3208 vero
1785 3175 1904 3207 eam
1932 3174 2043 3207 non
2072 3157 2275 3222 spernit

350 3252 403 3294 et
428 3251 613 3295 tamen
641 3262 698 3296 se
725 3263 910 3297 amore
936 3254 1117 3297 eterne
1143 3250 1252 3297 vite
1277 3238 1566 3297 districtius
1594 3244 1786 3310 affligit
1816 3243 1980 3293 modo
2012 3242 2271 3309 predictO,

353 3347 559 3380 mernor
587 3334 882 3382 vocationis
906 3351 1013 3393 sue,
1043 3333 1231 3383 melius
1260 3333 1396 3384 facit.
1474 3331 1546 3381 Et
1572 3332 1695 3381 ideo
1728 3331 1916 3381 beatus
1958 3328 2275 3377 Franciscus

352 3416 642 3483 discipulos
668 3435 793 3468 suos
816 3435 877 3468 ac
902 3418 1036 3468 filios
1076 3419 1145 3469 ad
1182 3420 1320 3469 hanc
1361 3417 1789 3484 singularitatem
1829 3414 2073 3464 invitavit
2112 3412 2280 3462 infor-‘-

354 3503 551 3552 mando
575 3500 643 3551 ad
685 3505 943 3553 ieiunium
986 3511 1108 3570 post
1148 3503 1530 3569 Epiphaniam,
1557 3502 1753 3561 dicenS,
1782 3499 1872 3565 qui
1913 3516 2047 3557 eam,
2075 3497 2273 3548 scilicet

352 3587 838 3653 quadragesimam,
865 3589 1098 3639 ieiunare
1126 3589 1407 3650 voluerint,
1434 3587 1704 3638 benedicti
1731 3587 1838 3635 sint
1865 3602 1895 3634 a
1927 3585 2062 3645 De0,
2089 3591 2142 3634 et
2181 3584 2273 3649 qui
