2512 4034
758 290 1241 344 TRACTATUS
1289 289 1679 341 PAUPERIS
2113 299 2175 352 57

622 525 707 576 CA
716 536 755 574 P.
787 522 1079 573 XII.—-De
1103 521 1416 585 perfectione
1442 519 1813 584 penitentium.

1022 679 1406 740 (EXTRACTS.)

372 852 381 861 .
423 853 431 862 .
471 852 480 863 .
525 811 831 860 Penitentes
857 817 1038 858 autem
1065 808 1117 855 in
1144 807 1314 856 tribus
1353 813 1701 855 exercentur:
1746 805 1799 853 in
1840 804 2047 854 vilitate
2086 822 2178 855 seu

256 897 572 959 abiectione,
609 897 661 946 in
702 896 1004 962 asperitate,
1045 895 1097 942 in
1137 893 1411 958 parcitate.
1493 891 1732 941 Primum
1772 898 1961 941 contra
1999 908 2179 957 super-

258 982 419 1043 biam,
441 981 734 1033 secundum
753 986 939 1030 contra
958 978 1246 1038 lasciviam,
1267 977 1484 1026 tertium
1507 983 1693 1025 contra
1715 976 2008 1026 avaritiam.
2054 1018 2064 1028 .
2109 1018 2117 1027 .
2165 1021 2173 1029 .

260 1066 570 1118 Secundum
598 1066 699 1116 hoc
725 1066 886 1131 igitur
912 1065 980 1114 ad
1021 1063 1372 1131 penitentiam
1414 1063 1683 1129 pertinent
1720 1061 1900 1112 vilitas
1937 1063 2179 1124 vestitUS,

256 1155 542 1203 austeritas
567 1152 750 1213 victUS‚
778 1150 927 1200 verbi
954 1150 1143 1216 gratia,
1170 1148 1498 1199 abstinentia
1524 1165 1556 1198 a
1582 1148 1708 1197 vino
1735 1154 1789 1197 et
1829 1146 2081 1197 carnibus
2119 1156 2174 1197 et

259 1238 392 1289 cibis
442 1238 712 1289 delicatis:
778 1237 1012 1303 pertinet
1062 1235 1278 1301 insuper
1328 1234 1470 1300 rigor
1520 1233 1698 1283 ieiunii
1750 1240 1802 1283 et
1854 1233 2176 1286 huiusmodi.

255 1323 433 1389 [leen
463 1325 654 1389 follow
701 1337 759 1388 13
800 1330 1112 1388 arguments
1136 1322 1201 1385 of
1225 1321 1478 1385 ‘impious
1504 1319 1652 1369 men'
1693 1320 1914 1385 against
1949 1318 2180 1369 ‘abstin-

260 1409 437 1471 entia,’
488 1411 554 1475 of
583 1408 753 1459 which
794 1408 880 1459 tlze
923 1407 1081 1468 tlzz'm',
1126 1407 1278 1457 m'ntlz
1322 1407 1441 1457 and
1478 1405 1618 1456 tentlz
1664 1423 1789 1469 may
1832 1406 1889 1455 be
1921 1406 2083 1471 given
2121 1422 2184 1455 as

258 1496 538 1561 specz‘mens
560 1494 602 1561 .·]
641 1494 717 1559 (3)
766 1495 907 1544 Item
935 1492 1203 1560 perfectus
1231 1493 1418 1542 melius
1445 1493 1544 1543 scit
1568 1491 1646 1542 uti
1672 1490 1867 1541 talibus
1901 1493 2028 1557 [eg.,
2053 1491 2182 1541 vino

254 1590 311 1632 et
337 1579 608 1647 carnibus]
635 1598 799 1647 quam
828 1579 1198 1647 imperfectus:
1241 1595 1366 1630 cum
1394 1594 1526 1643 ergo
1554 1579 1730 1628 omnis
1758 1576 2096 1644 imperfectio
2125 1577 2178 1626 in

257 1668 454 1718 talibus
480 1669 549 1718 sit
581 1685 653 1718 ex
692 1684 804 1729 usu,
831 1683 958 1717 usus
997 1666 1185 1717 talium
1227 1665 1398 1730 magis
1436 1665 1686 1715 convenit
1724 1663 1975 1731 perfectis
2015 1680 2179 1730 quam

256 1754 598 1821 imperfectis,
638 1796 648 1806 .
691 1795 701 1805 .
740 1795 750 1804 .
798 1756 871 1820 (9)
919 1754 1056 1804 Item
1087 1752 1308 1819 perfecti
1337 1753 1435 1801 viri
1458 1751 1663 1816 absque
1684 1752 2039 1801 diminutione
2064 1767 2181 1817 per-

256 1839 502 1890 fectionis
528 1849 753 1891 utuntur
779 1840 904 1889 vino
932 1846 986 1889 et
1013 1838 1261 1888 carnibus
1288 1853 1385 1902 pro
1410 1837 1798 1887 consuetudine
1825 1837 2036 1886 illorum
2057 1853 2180 1887 cum

251 1926 449 1992 quibus
474 1934 862 1977 conversantur
884 1943 894 1988 3
935 1941 1043 1975 non
1073 1923 1245 1975 solum
1275 1924 1390 1974 sine
1416 1923 1609 1974 iniuria
1627 1922 1988 1989 perfectioniS,
2012 1923 2181 1973 immo

255 2013 397 2064 male
435 2012 669 2064 facerent
707 2014 749 2062 si
790 2012 945 2063 aliter
985 2010 1239 2072 facerent,
1266 2010 1411 2077 quod
1453 2010 1713 2077 probatur
1749 2027 1847 2076 per
1879 2009 2010 2060 illud
2038 2009 2179 2075 quod

249 2099 446 2150 dicitur
474 2099 606 2152 Mat.
633 2100 699 2151 vi.
730 2115 889 2165 super
916 2097 1073 2147 illud:
1125 2095 1354 2146 “Nolite
1381 2112 1500 2146 esse
1525 2095 1788 2157 solliciti,’'
1819 2102 1920 2146 etc,
2000 2095 2149 2146 Beda
2172 2114 2181 2145 z

258 2184 364 2234 Hic
403 2185 650 2236 videntur
689 2185 842 2251 argui
882 2183 957 2233 illi
997 2183 1087 2250 qui
1127 2190 1308 2249 spreto
1346 2183 1491 2232 victu
1534 2181 1618 2232 vel
1663 2183 1863 2232 vestitu
1905 2181 2182 2231 communi

252 2272 479 2323 lautiora
506 2271 606 2322 sibi
634 2271 718 2322 vel
748 2271 1041 2322 austeriora
1060 2270 1075 2298 1
1103 2287 1199 2337 pre
1223 2269 1324 2320 hiis
1351 2286 1474 2319 cum
1503 2269 1696 2335 quibus
1712 2270 1901 2320 vivunt
1927 2269 2183 2320 alimenta

251 2367 482 2423 querunt
508 2358 592 2409 vel
621 2358 957 2410 indumenta.
1036 2358 1154 2423 (10)
1193 2356 1287 2407 Ad
1312 2356 1414 2406 hoc
1442 2364 1525 2406 est
1563 2356 1851 2407 auctoritas
1891 2355 2183 2421 Augustini

255 2444 340 2494 De
376 2446 637 2495 Doctrina
681 2443 990 2497 Christiana
1020 2443 1070 2509 3Ο
1099 2441 1237 2510 [cap.
1265 2439 1398 2507 xii.],
1425 2443 1683 2492 dicentis:
1728 2442 1982 2509 Quisquis
2021 2441 2182 2492 rebus

253 2531 680 2595 pretereuntibus
707 2531 939 2581 strictius
965 2532 1132 2580 utitur
1159 2546 1325 2596 quam
1355 2546 1412 2579 se
1437 2529 1602 2579 habet
1629 2529 1961 2579 consuetudo
1993 2544 2180 2578 eorum

255 2633 379 2666 cum
431 2617 621 2682 quibus
672 2617 817 2679 vivit,
872 2625 964 2667 aut
1028 2617 1397 2682 intemperans
1461 2624 1555 2666 aut
1619 2615 2017 2682 superstitiosus
2080 2620 2179 2665 est.

260 2701 474 2753 Horum
513 2711 799 2768 utrumque
835 2710 916 2752 est
956 2702 1195 2753 malum:
1236 2718 1366 2767 ergo
1407 2701 1697 2767 perfectius
1738 2709 1820 2750 est
1859 2699 2181 2751 conformari

256 2787 310 2837 in
336 2787 483 2849 cibiS,
509 2797 562 2838 et
592 2789 665 2838 ita
691 2787 825 2837 nihil
856 2788 1049 2838 minuit
1077 2788 1147 2837 de
1172 2785 1502 2852 perfectione
1528 2788 1605 2837 uti
1633 2803 1956 2853 quocunque
1987 2802 2182 2852 genere

253 2873 517 2923 ciborum.

365 2959 532 3025 [Next
571 2970 594 3022 5
637 2969 957 3025 argumentis,
1000 2959 1096 3009 ‘ad
1137 2960 1566 3025 impugnandum
1595 2957 1876 3020 ieiunium‚’
1917 2959 1985 3023 of
2009 2958 2181 3008 which

255 3045 539 3110 tlzefourtlz
564 3046 611 3095 is
634 3049 672 3114 s]
707 3046 846 3095 Item
874 3045 972 3095 hec
997 3047 1181 3095 omnia
1208 3045 1458 3096 videntur
1478 3044 1778 3096 confirmari
1806 3062 1901 3111 per
1925 3044 2181 3111 exempla

254 3138 308 3181 et
349 3131 677 3182 documenta
716 3131 1022 3192 SalvatoriS,
1049 3132 1140 3197 qui
1182 3131 1322 3181 dixit
1349 3131 1620 3197 discipulis
1647 3131 1851 3197 absque
1877 3129 2182 3180 differentia

252 3216 508 3278 ciborum,
537 3218 879 3267 comedentes
906 3224 958 3266 et
986 3216 1233 3266 bibentes
1261 3233 1364 3282 que
1391 3217 1532 3282 apud
1562 3215 1679 3266 illos
1721 3224 1857 3276 sunt,
1884 3233 1982 3266 nec
2022 3215 2180 3266 aliam

253 3303 468 3353 videtur
505 3303 826 3369 imposuisse
863 3302 1102 3368 regulam
1142 3302 1446 3353 abstinendi
1488 3302 1587 3352 nisi
1634 3301 1763 3353 Luc.
1813 3302 1923 3352 xxi.
1972 3300 2042 3367 [V.
2090 3303 2179 3370 34]

253 3430 263 3440 .
301 3431 310 3441 .
352 3431 360 3439 .
404 3389 554 3455 Ergo
578 3405 685 3438 non
714 3389 927 3439 videtur
952 3388 1214 3454 perfectio
1240 3387 1333 3438 sed
1361 3388 1673 3453 superstitio
1698 3387 1848 3438 cibos
1875 3388 2181 3438 discernere

253 3474 335 3523 vel
363 3475 430 3525 de
468 3491 695 3526 numero
731 3475 1125 3524 comestionum
1165 3474 1505 3541 distinguere.
1547 3516 1556 3525 .
1599 3514 1608 3524 .
1649 3514 1658 3524 .
1706 3473 1956 3540 Amplius
1995 3483 2182 3525 contra

1041 3630 1053 3653 1
1073 3630 1121 3668 O.
1156 3629 1377 3680 ampliora.
