2512 4034
321 296 392 347 90
1115 280 1444 333 PECHAM

313 441 386 474 ex
424 423 706 491 evangelio
746 424 996 488 eliciatur,
1036 434 1096 478 ut
1140 442 1300 491 supra
1341 427 1517 476 visum
1565 430 1646 474 est
1690 420 1823 489 cap⁰.
1862 425 1934 475 X0.
2012 423 2238 475 Statuta

312 511 530 576 insuper
602 514 1022 563 ceremoniarum
1098 519 1404 563 sanctarum
1480 528 1510 561 a
1592 516 1807 575 patrum
1888 511 2232 576 antiquorum

310 596 554 661 vestigiis
626 595 1031 660 descenderunt,
1093 615 1198 664 que
1271 598 1363 662 qui
1439 596 1686 646 nesciunt
1760 594 2078 662 despiciunt,
2139 597 2231 646 sed

314 698 415 731 nos
473 683 639 731 securi
695 682 1137 735 abhominatione
1194 683 1541 750 Egiptiorum
1599 681 1940 731 immolemus
1994 680 2237 732 Domino

315 767 437 816 Deo
474 772 673 830 nostr0‚
716 774 777 818 ut
814 769 1008 820 dicitur
1049 768 1232 820 Exod.
1275 771 1339 819 8:
1393 766 1860 818 abhominationes
1912 768 1994 818 i.e.
2049 775 2244 818 sancte

311 852 671 918 simplicitatis
707 856 973 915 exercitia,
1011 854 1081 905 de
1118 853 1315 920 quibus
1354 853 1698 920 prophetavit
1736 851 1932 902 Ysaias
1973 866 2000 916 3
2042 854 2112 921 [v.
2149 854 2236 920 18]

314 938 528 990 dicens:
594 943 619 964 “
639 939 700 988 In
765 939 852 990 die
908 939 1000 990 illa
1061 938 1268 990 auferet
1332 939 1606 990 Dominus
1662 944 1981 989 ornamenta
2035 937 2240 989 calcea-

315 1022 671 1087 mentorum,''
716 1033 813 1076 etc,
893 1025 966 1076 Et
1016 1027 1258 1090 sequitur
1307 1024 1376 1090 [V.
1423 1023 1545 1092 24]:
1601 1023 1721 1074 “Et
1771 1024 1874 1073 erit
1932 1040 2029 1090 pro
2081 1025 2233 1074 suavi

311 1110 477 1160 odore
503 1108 642 1161 fetor
667 1116 722 1160 et
747 1126 846 1177 pro
871 1128 1008 1162 zona
1039 1110 1320 1169 funiculus,
1349 1126 1445 1177 pro
1482 1110 1737 1176 crispanti
1778 1110 1921 1160 crine
1958 1109 2242 1160 calvitium.

312 1202 367 1245 et
411 1212 510 1261 pro
547 1194 711 1246 fascia
754 1197 1012 1262 pectorali
1054 1195 1348 1248 cilicium''.
1432 1196 1550 1247 Hec
1596 1203 1723 1246 sunt
1766 1194 2238 1247 abhominationes

312 1280 671 1347 Egiptiorum,
702 1283 962 1334 mentium
990 1281 1189 1334 scilicet
1214 1282 1527 1333 carnalitate
1555 1280 2052 1343 obtenebratarum‚
2079 1282 2245 1332 nudi*

310 1372 395 1417 tas
447 1367 648 1433 pedum
702 1368 1018 1430 lutosorum‚
1074 1369 1211 1420 fetor
1260 1369 1427 1419 vestis
1477 1369 1672 1429 attrite,
1725 1366 1992 1418 funiculus
2037 1367 2237 1419 Christi

314 1461 689 1519 representans
740 1453 933 1506 fascias
983 1463 1038 1506 et
1089 1455 1348 1522 ligamina
1399 1455 1679 1520 passioniS‚
1726 1452 2003 1504 calvitium
2048 1455 2244 1520 capitis.

308 1540 506 1590 attonsi
532 1547 586 1590 et
612 1557 861 1607 asperum
889 1539 1288 1593 indumentum.
1372 1540 1494 1590 Hec
1519 1539 1942 1590 abhominantur
1969 1547 2024 1605 et
2056 1556 2248 1605 super--

313 1626 556 1676 stitiones
583 1626 731 1677 stulti
760 1625 1001 1677 iudicant
1027 1628 1155 1693 quia
1193 1625 1411 1693 superbi
1452 1624 1614 1676 nichil
1652 1627 1912 1677 estimant
1951 1625 2054 1675 nisi
2095 1625 2246 1691 quod

315 1718 513 1773 amant,
552 1719 610 1763 ut
648 1713 779 1763 dicit
819 1712 1113 1779 Gregorius
1150 1731 1206 1764 X.
1251 1712 1437 1764 Moral.
1482 1709 1620 1778 [cap.
1663 1711 1845 1779 xxx.].

429 1869 572 1935 [The
614 1872 827 1922 version
874 1870 938 1921 of
967 1871 1072 1921 this
1111 1871 1333 1937 chapter
1368 1872 1423 1921 in
1464 1871 1540 1923 M.
1567 1872 1609 1920 is
1651 1870 1813 1921 much
1857 1869 2100 1921 shorter:
2149 1870 2249 1919 the

316 1955 613 2023 beginning
639 1956 747 2008 and
774 1956 880 2007 end
907 1972 997 2007 are
1024 1957 1117 2007 the
1144 1972 1325 2018 same3
1368 1957 1468 2007 but
1496 1956 1702 2007 instead
1731 1957 1794 2007 of
1828 1967 1896 2021 50
1922 1960 1933 1982 ‘
1952 1955 2132 2022 signa,⁷
2163 1956 2240 2007 M.

313 2044 461 2109 gives
499 2042 626 2108 only
665 2057 746 2109 29,
772 2042 945 2094 which
984 2060 1075 2093 are
1107 2042 1361 2093 identical
1391 2043 1520 2092 with
1549 2041 1679 2094 Nos,
1713 2057 1754 2104 Ι,
1788 2057 1833 2105 2,
1864 2056 1910 2107 3,
1937 2043 1983 2103 6,
2012 2054 2059 2105 7,
2084 2060 2131 2109 9,
2165 2056 2245 2100 10,

325 2143 403 2186 11,
448 2143 526 2189 12,
570 2139 647 2192 15,
693 2129 770 2189 16,
817 2141 893 2192 17,
939 2132 1015 2190 18,
1046 2142 1128 2191 20,
1157 2143 1239 2189 21,
1272 2143 1354 2190 22,
1386 2142 1466 2193 23,
1495 2142 1578 2193 24,
1608 2140 1691 2193 25,
1721 2129 1803 2191 26,
1827 2141 1907 2193 27,
1939 2131 2021 2190 28,
2051 2141 2131 2196 39,
2160 2142 2243 2192 40,

323 2230 406 2279 41,
435 2228 518 2280 43,
544 2230 628 2279 44,
655 2225 738 2280 45,
764 2216 834 2279 46
862 2216 916 2265 in
941 2214 1037 2265 the
1064 2214 1276 2281 printed
1305 2214 1467 2280 text]
