2512 4034
743 260 1219 313 TRACTATUS
1267 260 1658 311 PAUPERIS
2090 274 2157 324 73

244 407 607 472 intelligenda,
662 415 719 457 ut
769 423 928 472 supra
980 412 1126 471 patet
1177 420 1292 468 cap.
1355 418 1429 464 12,
1480 411 1534 453 et
1583 404 1682 453 hoc
1733 421 1987 469 expresse
2031 405 2161 455 dicit

247 493 584 558 Augustinus
634 499 821 542 contra
872 492 1134 540 Faustum
1186 488 1273 540 lib.
1330 492 1428 553 3O.1
1533 488 1627 538 Hii
1679 490 1821 538 enim
1874 490 2162 554 prohibent

243 578 457 638 nubere,
506 578 581 628 hii
632 578 817 628 dicunt
869 575 1134 642 principes
1186 574 1534 624 tenebrarum
1598 590 1705 622 non
1771 574 1951 623 Deum
2014 575 2160 625 cibos

238 663 543 729 corporales
581 680 800 723 creasse,
840 670 898 712 ut
938 663 1103 711 etiarn
1145 660 1275 710 dicit
1315 660 1386 710 ibi
1425 660 1618 726 glossa.

351 747 404 800 6Ο
431 750 551 799 dico
579 750 725 815 quod
753 748 837 798 isti
865 763 1199 814 precursores
1228 755 1383 796 erunt
1411 745 1493 794 vel
1522 753 1643 795 sunt
1665 744 1975 811 temporalis
1997 746 2164 810 glorie

241 835 385 884 avidi
437 843 737 886 sectatores.
818 832 981 884 Unde
1033 831 1206 898 Apoc.
1264 846 1322 895 13
1383 832 1449 891 [v.
1490 845 1545 881 I:
1605 833 1667 895 cf.
1711 849 1758 882 v.
1812 833 1927 891 11]:
1988 830 2162 881 “Vidi

241 920 405 970 aliam
434 921 660 970 bestiam
701 919 1083 968 ascendentem
1125 919 1193 967 de
1232 915 1437 980 mari’';
1478 916 1672 982 glossa,
1712 917 1789 967 i.e.
1823 916 2160 982 superbiam:

241 1014 297 1056 et
324 1006 418 1056 hec
445 1006 626 1066 bestia,
654 1013 712 1055 ut
738 1005 884 1065 dicit,
914 1004 1179 1069 significat
1218 1003 1515 1053 antichristi
1555 1002 1832 1069 apostolos
1872 1019 2010 1067 quos
2050 1004 2165 1067 ipse

244 1109 340 1158 per
385 1100 560 1142 totum
613 1091 877 1141 mundum
920 1098 1151 1156 sperget,
1202 1090 1269 1138 de
1321 1104 1547 1155 quorum
1602 1090 1767 1138 etiam
1816 1088 2165 1139 simulatione

246 1180 497 1243 sequitur,
553 1181 648 1226 “et
698 1176 934 1227 habebat
981 1193 1181 1226 cornua
1228 1176 1336 1225 duo
1387 1175 1582 1225 similia
1634 1175 1760 1241 agni
1782 1173 1834 1224 ”2
1880 1174 2077 1240 glossa,
2124 1173 2166 1222 si

243 1264 373 1329 quid
405 1263 530 1313 boni
557 1263 609 1313 in
637 1263 711 1313 eis
750 1262 1036 1325 videbitur,
1068 1261 1339 1311 simulatio
1377 1269 1472 1312 est.
1553 1260 1785 1311 Istorum
1825 1259 2074 1326 superbia
2111 1259 2166 1308 in

242 1357 454 1400 tantum
480 1348 720 1399 ascendit
752 1356 822 1411 ut,
852 1365 974 1399 cum
1003 1349 1172 1398 vitam
1214 1347 1473 1397 infamem
1512 1345 1737 1413 egerint,
1763 1353 1816 1397 et
1856 1347 1909 1396 in
1950 1345 2169 1412 crapula

243 1437 492 1497 vixerint,
521 1435 589 1485 de
618 1435 840 1485 misticis
866 1434 1235 1500 intelligentiis
1276 1435 1658 1500 scripturarum
1697 1433 2001 1499 glorientur,
2031 1432 2168 1482 sicut

243 1525 296 1572 in
328 1522 517 1572 libellis
544 1529 709 1588 patet,
735 1537 870 1587 quos
899 1522 1159 1587 crapulati
1188 1528 1243 1570 et
1270 1520 1551 1571 stridentes
1584 1536 1757 1585 nuper
1793 1525 2166 1580 evomuerunt,

239 1624 465 1674 -quorum
510 1608 779 1657 contraria
828 1615 953 1658 sunt
1000 1606 1350 1656 sanctissimis
1394 1605 1706 1656 hominibus
1752 1605 1984 1655 revelata
2033 1612 2088 1654 et
2138 1620 2170 1653 a

242 1693 600 1744 subtilissimis
652 1693 985 1760 investigata,
1036 1710 1131 1759 per
1186 1691 1371 1742 sedem
1435 1691 1785 1758 apostolicam
1851 1691 2170 1741 confirmata

242 1779 608 1845 multipliciter
633 1786 975 1830 contestante
1004 1779 1125 1828 Deo
1152 1779 1220 1829 de
1245 1777 1493 1829 excelsis
1577 1778 1639 1828 In
1669 1785 1883 1827 tantum
1913 1793 2039 1827 vero
2076 1793 2172 1842 pro

241 1866 467 1915 veritate
504 1872 644 1915 stare
680 1883 737 1915 se
765 1865 1039 1926 simulant,
1068 1871 1128 1915 ut
1155 1881 1252 1930 pro
1280 1865 1394 1930 ipsa
1419 1880 1580 1931 agere
1607 1880 1666 1913 se
1694 1863 1888 1925 dicant,
1915 1880 2019 1929 que
2044 1879 2169 1913 con-

243 1952 405 2002 traria
444 1960 569 2002 sunt
608 1952 810 2018 prelati.
898 1951 1062 2003 Unde
1090 1951 1381 2017 Gregorius
1408 1966 1692 2017 exponens
1719 1948 1853 1999 illud
1894 1949 2000 2014 Job
2026 1963 2087 2013 41
2113 1947 2131 1975 '2
2157 1968 2167 1999 :

242 2037 594 2088 “fervescere
633 2037 794 2089 faciet
833 2039 982 2103 quasi
1022 2037 1188 2088 ollam
1227 2037 1554 2103 profundum
1607 2034 1795 2097 mare‚’'
1847 2044 1947 2086 etc,
2005 2035 2167 2086 dicit:

247 2128 277 2148 “
301 2124 449 2191 Quid
489 2142 585 2190 per
619 2140 767 2174 mare
805 2125 905 2173 nisi
944 2126 1056 2174 vita
1093 2124 1449 2174 secularium?
1527 2122 1689 2190 Quod
1732 2122 2001 2172 Leviatan
2039 2121 2169 2171 facit

245 2209 540 2260 fervescere
579 2211 703 2276 quia
742 2218 956 2260 constat
994 2210 1142 2276 quod
1197 2209 1578 2275 persecutionis
1629 2215 1875 2258 extreme
1926 2215 2172 2274 tempore

239 2297 457 2347 studeat
478 2304 665 2347 contra
685 2296 976 2347 electorum
994 2298 1161 2347 vitam
1182 2297 1391 2346 animos
1407 2294 1753 2362 reproborum
1776 2311 1870 2360 per
1891 2294 2170 2344 flammam

240 2383 574 2432 crudelitatis
601 2383 909 2434 excitare'’.
988 2383 1060 2433 Et
1087 2383 1292 2432 infra:3
1330 2381 1525 2449 “Ergo
1565 2382 1797 2431 leviatan
1838 2382 1914 2430 ita
1953 2380 2171 2430 seducet

242 2469 410 2518 corda
439 2469 792 2535 reproborum
822 2476 881 2519 ut
920 2469 1180 2535 quicquid
1221 2474 1393 2532 agunt
1431 2484 1528 2533 per
1567 2468 1907 2533 iniquitatem
1947 2466 2173 2533 perfidie

247 2571 345 2619 pro
369 2556 593 2604 veritate
618 2561 759 2604 recte
797 2554 922 2605 fidei
962 2573 1018 2605 se
1056 2555 1230 2604 facere
1268 2555 1617 2620 suspicentur.
1699 2553 1848 2618 Ergo
1887 2554 2026 2602 sicut
2064 2552 2172 2602 olla

248 2639 461 2700 fervent,
490 2639 622 2690 dum
652 2648 866 2690 sanctos
892 2640 1180 2691 crudeliter
1208 2646 1591 2705 persecuntur;
1638 2640 1732 2689 sed
1760 2639 1908 2704 apud
1934 2655 2025 2688 eos
2054 2640 2172 2706 ipsa

247 2727 549 2791 persecutio
578 2733 981 2790 unguentorum
1010 2725 1359 2792 fragrantiam
1388 2725 1611 2787 redolet,
1630 2726 1763 2774 dum
1788 2739 1940 2774 mens
1959 2741 2168 2787 eorum,

248 2812 400 2860 vanis
428 2811 827 2877 suspicionibus
856 2813 1094 2878 decepta,
1122 2813 1342 2862 estimat
1370 2813 1514 2877 quod
1544 2811 1664 2861 Deo
1696 2811 2014 2876 obsequium
2055 2827 2172 2876 per-

247 2894 482 2947 solvat'’.
561 2896 671 2947 Sed
723 2897 1114 2947 advertendum
1160 2904 1240 2946 est
1283 2897 1432 2963 quod
1476 2897 1588 2946 duo
1630 2904 1755 2946 sunt
1799 2897 2170 2961 ypocritarum

248 2983 332 3033 vel
359 2984 735 3032 simulatorum
764 2999 974 3048 genera.
1054 2983 1293 3049 Quidam
1320 2985 1465 3032 enim
1493 2989 1617 3032 sunt
1644 2998 1737 3048 per
1759 2983 1943 3031 omnia
1981 2981 2172 3031 labori-

248 3086 344 3119 osa
394 3086 557 3134 opera
608 3074 662 3117 et
712 3067 952 3118 difficilia
1013 3069 1242 3134 gloriam
1307 3077 1634 3134 querentes;
1696 3068 1921 3132 quidam
1988 3074 2172 3118 autem

249 3157 596 3221 asperitatem
624 3170 843 3204 omnem
872 3154 1155 3221 fugienteS,
1179 3154 1301 3203 solis
1328 3153 1656 3219 quibusdam
1680 3153 1958 3203 fictionum
1988 3170 2172 3219 super-

245 3240 558 3291 stitionibus
577 3239 596 3267 4
624 3257 681 3290 se
706 3239 776 3289 ab
808 3240 1037 3290 aliorum
1077 3239 1472 3290 consuetudine
1499 3246 1837 3305 segregantes
1862 3258 1871 3290 :
1912 3240 2172 3305 primitivi

727 3383 739 3406 1
759 3383 920 3433 Migne‚
943 3383 1041 3421 Pat.
1064 3383 1162 3422 Lat.
1189 3382 1272 3420 xlii.
1295 3382 1373 3420 col.
1395 3393 1488 3431 490.

727 3450 838 3501 ‘3Job
858 3451 926 3489 xli.
951 3462 1025 3496 22;
1059 3450 1206 3489 Moral.
1232 3449 1366 3488 xxxiv,
1389 3462 1480 3499 cap.
1504 3449 1582 3487 xvi.

732 3517 871 3557 3Ιόἱᾱ.
894 3530 987 3569 cap.
1009 3518 1105 3556 xvii.

731 3586 746 3609 '¹
762 3586 809 3624 Β.
836 3585 1105 3630 fictionibus;
1136 3585 1188 3623 V.
1211 3597 1289 3623 om.
1313 3583 1695 3635 superstitionibus.
