2512 4034
363 254 429 302 82
1155 245 1487 298 PECHAM

468 404 530 457 25
561 400 737 443 totum
765 398 848 442 est
875 388 1254 442 mendacium.1

465 477 559 527 Ad
599 479 666 528 26
702 476 993 527 dicendum
1034 476 1177 542 quod
1218 476 1427 526 utinam
1468 474 1736 524 detractor
1772 474 1871 524 iste
1902 474 2121 525 deberet
2153 492 2277 525 cum

356 563 430 612 eis
456 563 842 629 aliquantulum
882 562 1236 628 hospitiorum
1264 568 1317 610 et
1354 561 1439 610 vie
1469 560 1743 625 angustias
1775 559 2033 625 experiri!
2105 559 2279 611 Sciret

309 696 318 699 -
356 657 497 699 certe
546 648 690 715 quod
741 648 936 714 pluries
988 646 1331 713 quamplures
1381 662 1503 696 cum
1558 644 1772 696 Christo
1822 645 2274 711 circumspiciunt,

356 735 524 784 immo
563 742 616 784 et
653 735 940 796 circueunt,
980 734 1033 782 in
1074 732 1214 782 fame
1253 739 1306 781 et
1343 732 1429 781 siti
1469 739 1523 780 et
1563 729 1757 796 frigore
1795 738 1849 781 et
1888 729 2134 783 nuditate
2171 747 2279 781 non

357 819 687 870 invenientes
726 819 1045 869 invitantem
1085 835 1183 868 nec
1221 815 1610 882 recipientem.2
1689 815 1847 867 Certe
1898 815 2151 879 Christus,
2190 818 2280 882 qui

355 922 464 955 non
516 906 751 972 repperit
800 905 1094 970 hospitium
1147 904 1201 953 in
1251 902 1595 969 Jerosolema‚
1645 902 1848 952 invenit
1910 902 2163 953 devotum
2227 903 2280 952 in

358 990 623 1042 Bethania
672 1008 795 1041 cum
851 989 1065 1040 Martha
1116 996 1171 1039 et
1224 988 1410 1040 Maria.
1497 987 1759 1054 Nunquid
1809 988 2059 1038 adulatus
2110 987 2284 1039 fuerat

360 1077 612 1127 Marthe?
651 1076 892 1141 nunquid
935 1074 1141 1140 Helyas
1180 1073 1339 1147 vidue
1380 1074 1718 1141 Sareptane?
1795 1071 1904 1124 Sed
1950 1081 2094 1124 certe
2142 1074 2280 1125 sicut

357 1163 795 1212 ministraverunt
833 1161 1068 1226 quedam
1110 1160 1357 1210 mulieres
1398 1159 1610 1211 Christo
1656 1159 1723 1210 de
1768 1158 2111 1209 facultatibus
2157 1159 2278 1220 suiS‚

355 1265 485 1313 quas
525 1255 798 1298 curaverat
837 1247 906 1297 ab
945 1246 1344 1297 infirmitatibus
1384 1247 1506 1307 suiS,
1545 1245 1682 1296 sicut
1720 1245 1913 1295 dicitur
1952 1244 2079 1295 Luc.
2122 1247 2168 1304 8,
2206 1245 2281 1294 sic

357 1332 551 1386 Christi
578 1333 899 1399 pauperibus
926 1331 1138 1383 Christo
1163 1331 1343 1382 devoti
1375 1331 1681 1382 ministrant
1720 1330 2055 1392 necessaria,3
2093 1347 2279 1381 eorum

352 1419 804 1486 predicationibus
830 1419 900 1469 ad
926 1419 1204 1469 caritatem
1231 1418 1472 1468 conversi
1499 1418 1582 1467 vel
1611 1418 1664 1467 in
1691 1434 1753 1467 ea
1779 1416 2094 1468 confirmati.
2151 1415 2280 1467 Non
2328 1461 2332 1463 ,

353 1523 480 1573 ergo
507 1507 747 1572 sequitur
772 1505 916 1572 quod
943 1506 1257 1571 impiissime
1283 1505 1480 1566 dicunt,
1512 1504 1659 1570 quod
1686 1503 1993 1554 hominibus
2033 1504 2086 1552 in
2127 1503 2281 1554 malis

355 1593 583 1654 faveant,
612 1592 706 1642 sed
732 1591 877 1658 quod
906 1607 1092 1641 eorum
1120 1589 1336 1641 foveant
1363 1590 1679 1640 caritatem.4

464 1678 555 1728 Ad
596 1690 661 1741 27
702 1677 993 1727 dicendum
1033 1677 1270 1727 humane
1314 1675 1640 1726 infirmitatis
1691 1683 1773 1726 est
1822 1675 2014 1726 vitium
2065 1673 2172 1725 labi
2224 1676 2279 1725 in

353 1765 726 1830 inpatientiam
753 1763 846 1813 sed
873 1763 1168 1813 sanctitatis
1193 1770 1274 1812 est
1299 1762 1438 1812 hanc
1466 1763 1636 1828 ipsam
1663 1762 1769 1812 cito
1796 1761 1974 1811 delere
2001 1778 2094 1827 per
2132 1761 2279 1827 peni-

355 1852 590 1912 tentiam,
609 1849 753 1916 quod
774 1850 938 1900 etiam
962 1849 1163 1899 faciunt
1183 1848 1464 1900 nonnulli.5
1541 1847 1654 1898 Alii
1674 1865 1801 1898 vero
1822 1849 1958 1897 sicut
1980 1848 2283 1912 frequenter

353 1935 526 1986 visum
566 1943 648 1986 est
687 1936 955 1985 maximas
995 1933 1210 1984 iniurias
1250 1935 1413 1984 etiam
1449 1941 1682 1984 mortem
1721 1949 1819 1999 pro
1855 1932 2067 1984 Christo
2106 1933 2279 1999 parati

355 2029 480 2072 sunt
518 2020 780 2071 sustinere
818 2020 1135 2086 gaudentes

465 2107 556 2158 Ad
599 2109 662 2158 28
704 2106 990 2157 dicendum
1029 2106 1173 2171 quod
1214 2104 1283 2155 de
1321 2106 1444 2155 odio
1482 2105 1651 2155 cordis
1690 2105 1744 2154 in
1787 2105 1886 2155 hac
1935 2112 2087 2171 parte
2137 2103 2280 2154 solus

354 2201 533 2260 potest
571 2193 863 2243 altissimus
902 2191 1162 2243 iudicare:
1211 2191 1279 2241 de
1317 2191 1532 2242 residuo
1569 2198 1749 2241 autem
1789 2191 1943 2241 docet
1989 2189 2280 2256 Gregorius

354 2297 513 2346 super
541 2279 698 2331 Ezec„
729 2279 923 2329 omelia
948 2285 1004 2345 9a
1028 2277 1368 2343 respondere,
1399 2277 1579 2328 dicens
1602 2297 1612 2328 :
1656 2279 1682 2300 “
1706 2277 1815 2337 Hii,
1837 2293 2063 2343 quorum
2089 2277 2200 2327 vita
2227 2277 2280 2325 in

355 2365 613 2431 exemplo
641 2365 956 2415 imitationis
981 2372 1064 2414 est
1091 2364 1284 2429 posita,
1311 2363 1529 2426 debent,
1560 2365 1602 2412 si
1636 2364 1855 2429 possint,
1883 2362 2278 2412 detrahentium

357 2451 457 2502 sibi
485 2451 649 2502 verba
674 2467 1011 2516 conpescere,
1039 2466 1107 2499 ne
1133 2466 1316 2499 eorum
1357 2449 1778 2516 predicationem
1807 2466 1916 2499 non
1943 2448 2162 2499 audiant
2187 2450 2279 2514 qui

356 2538 540 2590 audire
571 2544 833 2603 poterant,
860 2544 929 2599 et,
958 2537 1011 2586 in
1052 2537 1228 2602 pravis
1269 2536 1506 2586 moribus
1545 2541 1900 2597 remanenteS,
1931 2535 2067 2585 bene
2104 2535 2282 2585 vivere

355 2620 827 2689 contempnant’'.6
918 2622 1038 2672 Hec
1090 2620 1391 2687 Gregorius
1470 2620 1529 2673 Si
1574 2636 1701 2686 ergo
1745 2621 1908 2686 aliqui
1946 2621 2281 2686 reperiantur

466 2735 479 2759 1
500 2736 548 2773 Β.
571 2732 812 2773 continues.-
844 2733 965 2772 Sicut
994 2732 1097 2772 dicit
1132 2733 1364 2784 Gregorius
1398 2733 1450 2772 X.
1484 2733 1638 2772 Moral.
1673 2734 1779 2783 [cap.
1819 2732 1892 2781 iv.]
1931 2743 2145 2783 exponens
2174 2730 2280 2770 illud

355 2809 507 2842 sancto
529 2803 605 2841 Iob
623 2802 734 2841 falso
750 2801 1020 2852 impositum:
1055 2800 1222 2847 Dixisti,
1240 2813 1368 2852 purus
1389 2807 1451 2839 est
1472 2812 1610 2840 sermo
1629 2812 1749 2839 meus
1780 2799 1848 2849 [xi.
1865 2801 1922 2849 4].
1979 2799 2125 2838 Habet
2141 2798 2280 2850 inquit

357 2871 438 2910 hoc
460 2882 685 2921 pravorum
705 2868 873 2908 malicia
891 2869 1024 2918 [etc.].

467 2939 483 2963 2
502 2939 550 2977 Β.
574 2950 653 2977 nec
673 2937 879 2989 recipiunt
897 2937 1149 2976 invitantem
1170 2935 1244 2976 sed
1264 2949 1342 2976 nec
1361 2936 1650 2988 recipientem.
1835 2936 1852 2960 3
1866 2935 1916 2975 O.
1939 2942 2106 2975 cuncta.

465 3006 481 3030 4
498 3007 546 3045 B.
569 3004 806 3044 continues:
841 3005 973 3044 immo
1001 3011 1113 3044 certe
1142 3004 1291 3044 dicitur
1321 3005 1445 3044 Prov.
1477 3004 1550 3043 28:
1584 3009 1593 3026 ‘
1610 3003 1691 3055 Qui
1717 3003 1888 3054 corripit
1917 3004 2155 3042 hominem’
2176 3004 2281 3053 [etc.

354 3087 394 3113 v.
418 3075 499 3123 23].

463 3142 479 3166 5
497 3141 545 3181 B.
570 3140 810 3180 continues.-
841 3138 965 3191 Quod
992 3139 1028 3179 si
1057 3139 1099 3177 in
1129 3139 1398 3179 tribulatione
1428 3139 1706 3179 inardescunt
1739 3145 1889 3178 contra
1917 3139 2043 3186 mala,
2074 3138 2156 3178 hoc
2186 3150 2275 3177 non

358 3216 423 3248 est
443 3208 706 3260 impatientia
726 3207 984 3259 appellanda
1000 3206 1073 3246 sed
1091 3206 1160 3246 via
1180 3220 1253 3259 per
1273 3208 1428 3252 zelum,
1445 3219 1529 3259 qua
1542 3207 1606 3246 usi
1629 3214 1727 3246 sunt
1742 3206 2007 3254 Vincentius,
2024 3205 2278 3246 Laurentius

357 3284 399 3315 et
436 3276 578 3326 plures
617 3275 689 3314 alii
727 3282 876 3314 contra
913 3281 1090 3314 tortores
1129 3287 1255 3315 suos:
1287 3281 1327 3313 et
1366 3275 1594 3326 Gregorius
1629 3273 1730 3313 dicit
1765 3274 1916 3313 Moral.
1953 3285 1976 3323 5
2006 3275 2117 3324 [cap.
2147 3272 2273 3322 xlv,]:

358 3342 589 3382 irascimini
609 3347 649 3381 et
668 3342 796 3381 nolite
809 3346 977 3395 peccare
992 3358 1004 3382 .·
1033 3346 1059 3365 “
1078 3342 1177 3382 Hoc
1198 3342 1396 3381 nimirum
1417 3353 1503 3381 non
1532 3349 1645 3381 recte
1673 3341 1917 3393 intelligunt
1944 3340 2015 3392 qui
2044 3340 2170 3380 irasci
2198 3352 2277 3380 nos

358 3411 477 3450 nobis
495 3410 803 3458 tantummodo,
823 3422 910 3449 non
931 3410 1061 3450 etiarn
1081 3409 1281 3461 proximis
1297 3409 1638 3461 delinquentibus
1652 3410 1814 3448 volunt.
1873 3409 1918 3448 Si
1933 3408 2047 3448 enirn
2063 3407 2277 3458 proximos

357 3478 466 3517 sicut
494 3489 571 3516 nos
601 3490 743 3517 amare
771 3477 1036 3529 precipimur,
1067 3483 1199 3517 restat
1231 3484 1279 3516 ut
1312 3477 1371 3517 sic
1405 3489 1551 3517 eorum
1589 3476 1798 3517 erroribus
1833 3476 1941 3515 sicut
1974 3475 2126 3515 nostris
2161 3474 2279 3514 vitiis

359 3545 590 3585 irascamur
606 3546 644 3584 ⁷'.

469 3612 484 3636 ⁶
504 3612 664 3663 Migne,
688 3611 784 3652 Pat.
807 3612 906 3653 Lat.
928 3612 1051 3652 lxxvi.
1074 3612 1151 3652 col.
1175 3613 1267 3663 877.
