2512 4034
326 267 427 305 100
960 211 966 215 Ι
1129 247 1460 299 PECHAM

322 397 389 446 In
417 396 577 446 order
603 404 660 446 to
685 395 941 446 facilitate
967 392 1310 458 comparison
1339 390 1470 440 with
1497 389 1591 440 the
1616 387 1937 451 twenty-six
1976 383 2256 451 questions
2321 453 2324 456 Ι

320 483 378 532 in
410 482 629 532 Merton
659 481 882 548 College
917 480 1039 532 MS.
1075 478 1159 543 96,
1200 475 1486 528 described
1519 475 1594 540 by
1627 474 1730 524 Mr.
1770 472 1930 522 Trice
1954 471 2170 521 Martin
2203 469 2258 519 in

321 569 530 635 Regist.
572 568 735 633 Epist.
766 568 853 635 se.
889 566 1174 626 Pecklzam,
1215 566 1286 616 iii.
1327 581 1375 629 p.
1419 562 1587 622 lxxv„
1625 558 1719 610 the
1755 559 2035 624 questions
2074 557 2128 606 in
2167 554 2261 606 the

327 655 372 705 F
376 655 640 706 lorentine
660 652 778 705 MS.
803 652 976 703 which
994 668 1154 702 occur
1179 650 1295 700 also
1316 650 1369 699 in
1397 648 1491 699 the
1520 644 1738 698 Oxford
1765 643 1887 695 MS.
1916 659 2006 693 are
2035 641 2260 692 marked

329 740 458 791 with
484 758 552 790 an
581 740 826 790 asterisk.

427 829 508 896 (Ι)
574 827 662 878 fol.
707 841 756 887 2,
796 825 895 876 001.
984 838 1025 875 Ι.
1111 822 1369 885 Queritur
1406 830 1591 871 utrum
1644 817 1862 868 verbum
1918 815 2266 865 inmediatius

333 918 518 985 offerat
541 934 596 967 se
623 915 913 966 intellectui
940 914 1191 980 glorioso,
1219 930 1383 978 quam
1410 919 1585 976 pater.
1672 906 1991 959 Ostenditur
2016 905 2154 971 quod
2176 903 2262 954 sic.

440 1009 520 1074 (2)
563 1007 649 1057 fol.
694 1020 744 1067 2,
776 1005 875 1055 001.
912 1018 960 1066 4.
1008 1002 1267 1065 Queritur
1296 1010 1479 1051 utrum
1514 997 1786 1049 emanatio
1823 995 1974 1047 verbi
1996 995 2073 1045 sit
2099 1011 2265 1043 causa

327 1114 390 1147 ex
415 1106 636 1162 tempore
648 1095 1024 1161 predictorum.
1121 1092 1434 1143 Ostenditur
1457 1090 1597 1156 quod
1615 1089 1703 1138 sic.

441 1188 521 1254 (3)
562 1186 648 1236 fol.
697 1199 744 1249 3,
774 1184 871 1235 001.
914 1198 962 1246 4.
1010 1182 1268 1244 Queritur
1292 1189 1473 1231 utrum
1502 1179 1717 1230 verbum
1746 1178 1803 1227 in
1830 1176 2035 1227 divinis
2059 1175 2134 1225 sit
2145 1184 2270 1240 pro-

316 1277 506 1343 prium
535 1277 622 1326 vel
644 1292 872 1325 comune.

442 1367 521 1433 (4)
551 1366 639 1417 fol.
669 1380 722 1429 4,
750 1365 848 1416 001.
898 1378 940 1415 1.
988 1363 1246 1426 Queritur
1279 1371 1461 1412 utrum
1482 1368 1645 1426 pater
1667 1357 1836 1424 possit
1861 1356 2078 1422 aliquid
2084 1358 2273 1421 facere

329 1456 469 1523 quod
509 1474 609 1506 non
655 1454 964 1521 dispositum
1007 1454 1064 1504 in
1105 1453 1255 1503 verbo
1295 1461 1345 1502 et
1381 1469 1453 1502 an
1493 1449 1850 1500 determinare
1885 1464 1980 1513 que
2019 1446 2277 1511 disposuit
2324 1456 2327 1458 ’

333 1548 525 1610 facere.

444 1637 522 1703 (5)
563 1636 650 1687 fol.
692 1650 746 1699 4,
786 1634 885 1686 001.
927 1649 976 1697 4.
1024 1633 1285 1696 Queritur
1309 1641 1492 1682 utrum
1536 1629 1828 1680 connotatio
1856 1628 2008 1678 verbi
2045 1627 2123 1677 sit
2161 1627 2276 1676 eius

331 1726 562 1777 ambitus
586 1743 704 1775 cum
734 1724 1092 1774 connotatione
1123 1724 1348 1789 potentie
1374 1723 1460 1772 vel
1482 1721 1811 1786 exemplaris.

446 1817 524 1884 (6)
566 1816 652 1867 fol.
699 1827 745 1880 5,
786 1815 883 1865 001.
925 1829 974 1878 4.
1017 1816 1072 1864 in
1113 1814 1291 1864 finem.
1365 1812 1610 1875 Queriter
1633 1819 1817 1860 utrum
1846 1808 2020 1859 omnis
2036 1818 2178 1874 pena
2203 1807 2280 1857 sit

335 1925 368 1957 a
396 1907 509 1957 Deo
539 1907 841 1971 imperante.

456 1997 532 2062 (7)
574 1996 658 2047 fol.
691 1996 742 2056 6,
769 1994 866 2045 001.
898 2008 945 2045 2.
980 1993 1237 2056 Queritur
1259 2001 1441 2042 utrum
1470 1991 1669 2057 aliquis
1681 1990 1953 2056 puniatur
1976 1988 2283 2038 eternaliter

330 2097 428 2153 pro
442 2095 651 2153 peccato
680 2085 974 2151 temporali.

446 2177 524 2244 (8)
554 2176 639 2226 fol.
683 2188 733 2239 7,
775 2175 873 2227 001.
918 2189 967 2226 2.
1017 2174 1274 2236 Queritur
1296 2182 1477 2223 utrum
1520 2180 1718 2222 natura
1760 2180 1810 2221 et
1847 2179 1953 2220 tota
1980 2169 2279 2219 substantia

338 2266 563 2333 corporis
593 2265 639 2317 C
635 2264 802 2315 bristi
822 2265 897 2315 sit
922 2266 979 2314 in
1007 2272 1340 2314 sacramento
1369 2263 1585 2313 altaris.

453 2357 532 2423 (9)
560 2356 647 2406 fol.
668 2373 719 2422 9,
737 2355 835 2406 001.
862 2370 901 2406 1.
927 2354 1187 2417 Queritur
1200 2362 1384 2403 utrum
1405 2361 1587 2418 corpus
1607 2350 1817 2403 Christi
1828 2350 1905 2400 sit
1918 2349 2281 2400 dimensionu-

341 2455 455 2497 tum
482 2445 577 2496 sub
602 2445 867 2511 speciebus.
975 2444 1285 2496 Ostenditur
1309 2443 1450 2509 quod
1468 2444 1553 2494 sic.

456 2537 573 2603 (ΙΟ)
614 2536 701 2586 fol.
752 2550 835 2596 10,
888 2535 986 2585 001.
1033 2549 1082 2585 2.
1132 2533 1392 2596 Queritur
1443 2540 1627 2582 utrum
1682 2539 1865 2596 corpus
1905 2538 2069 2580 totum
2110 2530 2185 2580 sit
2222 2529 2281 2579 in

342 2626 566 2694 quolibet
589 2624 849 2691 partibili
869 2633 919 2674 et
943 2623 1265 2689 impartibili
1302 2622 1468 2689 ipsius
1506 2621 1680 2671 hostie.
1767 2621 1922 2683 Quod
1955 2628 2131 2670 autem
2180 2637 2282 2669 non

340 2719 418 2768 sit
444 2726 609 2768 totum
637 2716 694 2766 in
721 2715 945 2781 quolibet
956 2714 1214 2780 partibili
1237 2713 1543 2764 ostenditur.

461 2808 507 2873 (Ι
528 2807 578 2872 Ι)
609 2805 695 2857 fol.
733 2820 814 2866 10,
844 2805 942 2855 001.
972 2819 1020 2868 4.
1109 2803 1367 2866 Queritur
1391 2812 1575 2853 utrum
1602 2802 1678 2852 sit
1702 2803 1759 2851 in
1786 2799 2013 2867 quolibet
2037 2799 2287 2865 imparti-

348 2898 448 2948 bili
469 2896 648 2958 hostie,
680 2895 772 2946 hoc
794 2904 874 2945 est
898 2895 955 2944 in
983 2894 1209 2960 quolibet
1222 2901 1427 2959 puncto,
1501 2893 1813 2944 Ostenditur
1836 2891 1977 2957 quod
1995 2890 2087 2942 sic.

461 2988 576 3054 (12)
603 2987 691 3037 fol.
728 3000 810 3047 12,
852 2984 948 3034 001.
1001 2999 1045 3035 1.
1121 2983 1379 3046 Queritur
1402 2991 1586 3032 utrum
1614 2983 1671 3032 in
1698 2989 2027 3031 sacramento
2068 2979 2283 3040 altaris,

346 3085 484 3127 stent
509 3076 802 3126 accidentia
828 3075 942 3125 sine
967 3074 1198 3124 subiecto.

463 3168 580 3233 (13)
621 3166 710 3217 fol.
760 3179 841 3229 13,
871 3164 971 3215 001.
1005 3178 1049 3228 3.
1135 3162 1395 3226 Queritur
1431 3170 1613 3212 utrum
1642 3161 1831 3211 anima
1863 3159 2070 3211 Christi
2090 3159 2165 3209 sit
2186 3158 2282 3208 sub

349 3265 693 3307 sacramento

471 3349 581 3409 (14)
631 3346 718 3395 soh
770 3359 851 3407 14,
893 3344 989 3395 001.
1043 3358 1083 3394 1.
1132 3342 1391 3405 Queritur
1423 3328 1588 3392 >etiam
1636 3349 1820 3390 utrum
1865 3356 1966 3389 non
2016 3338 2281 3404 supposita

352 3434 921 3485 transubstantiatione
1011 3433 1237 3499 corporis
1332 3431 1547 3494 Christi,
1633 3439 1816 3481 utrum
1887 3429 2061 3495 possit
2133 3427 2282 3477 modo

349 3525 469 3583 fieri
491 3525 654 3574 etiam
683 3525 880 3574 virtute
905 3524 1095 3573 divina
1122 3531 1184 3573 ut
1209 3532 1391 3588 corpus
1416 3538 1574 3571 suum
1603 3529 1734 3570 esset
1757 3519 1996 3570 localiter
2021 3518 2077 3567 in
2108 3518 2206 3567 celo
2233 3525 2285 3567 et

353 3613 410 3663 in
439 3622 597 3674 terra,
625 3622 676 3663 et
698 3614 989 3663 ostenditur
1013 3613 1153 3678 quod
1172 3612 1260 3664 sic.
