<?xml version="1.0" encoding="UTF-8"?>
<!DOCTYPE html PUBLIC "-//W3C//DTD XHTML 1.0 Transitional//EN"
    "http://www.w3.org/TR/xhtml1/DTD/xhtml1-transitional.dtd">
<html xmlns="http://www.w3.org/1999/xhtml" xml:lang="en" lang="en">
 <head>
  <title>
</title>
<meta http-equiv="Content-Type" content="text/html;charset=utf-8" />
  <meta name='ocr-system' content='tesseract 3.04.00' />
  <meta name='ocr-capabilities' content='ocr_page ocr_carea ocr_par ocr_line ocrx_word'/>
</head>
<body>
  <div class='ocr_page' id='page_1' title='image "./fratrisjohannisp00peck_0153.png"; bbox 0 0 2512 4034; ppageno 0'>
   <div class='ocr_carea' id='block_1_1' title="bbox 754 271 2136 337">
    <p class='ocr_par' dir='ltr' id='par_1_1' title="bbox 754 271 2136 337">
     <span class='ocr_line' id='line_1_1' title="bbox 754 271 2136 337; baseline -0.001 -12"><span class='ocrx_word' id='word_1_1' title='bbox 754 272 1077 326; x_wconf 83' lang='lat' dir='ltr'><strong>CONTRA</strong></span> <span class='ocrx_word' id='word_1_2' title='bbox 1120 271 1611 323; x_wconf 79' lang='lat' dir='ltr'>KILWARDBY</span> <span class='ocrx_word' id='word_1_3' title='bbox 2041 288 2059 324; x_wconf 92' lang='lat'>1</span> <span class='ocrx_word' id='word_1_4' title='bbox 2074 286 2100 337; x_wconf 79' lang='lat'>3</span> <span class='ocrx_word' id='word_1_5' title='bbox 2112 283 2136 337; x_wconf 84' lang='lat'><strong>5</strong></span> 
     </span>
    </p>
   </div>
   <div class='ocr_carea' id='block_1_2' title="bbox 219 414 2164 3516">
    <p class='ocr_par' dir='ltr' id='par_1_2' title="bbox 219 414 2164 3516">
     <span class='ocr_line' id='line_1_2' title="bbox 219 414 2135 485; baseline -0.002 -16"><span class='ocrx_word' id='word_1_6' title='bbox 219 419 364 470; x_wconf 85' lang='lat' dir='ltr'><strong>victu</strong></span> <span class='ocrx_word' id='word_1_7' title='bbox 389 435 496 485; x_wconf 90' lang='lat' dir='ltr'><strong>quo</strong></span> <span class='ocrx_word' id='word_1_8' title='bbox 521 417 680 484; x_wconf 90' lang='lat' dir='ltr'><strong>Judei</strong></span> <span class='ocrx_word' id='word_1_9' title='bbox 710 416 997 468; x_wconf 89' lang='lat' dir='ltr'><strong>utebantur</strong></span> <span class='ocrx_word' id='word_1_10' title='bbox 1024 416 1109 467; x_wconf 91' lang='lat' dir='ltr'><strong>ille</strong></span> <span class='ocrx_word' id='word_1_11' title='bbox 1135 433 1244 467; x_wconf 89' lang='lat' dir='ltr'><strong>non</strong></span> <span class='ocrx_word' id='word_1_12' title='bbox 1271 415 1520 467; x_wconf 89' lang='lat' dir='ltr'><strong>utebatur</strong></span> <span class='ocrx_word' id='word_1_13' title='bbox 1543 414 1594 466; x_wconf 88' lang='lat'><strong>&#39;’.</strong></span> <span class='ocrx_word' id='word_1_14' title='bbox 1672 414 1916 467; x_wconf 89' lang='lat' dir='ltr'><strong>Christus</strong></span> <span class='ocrx_word' id='word_1_15' title='bbox 1954 422 2135 466; x_wconf 91' lang='lat' dir='ltr'><strong>autem</strong></span> 
     </span>
     <span class='ocr_line' id='line_1_3' title="bbox 223 499 2143 571; baseline -0.003 -16"><span class='ocrx_word' id='word_1_16' title='bbox 223 521 317 571; x_wconf 90' lang='lat' dir='ltr'><strong>per</strong></span> <span class='ocrx_word' id='word_1_17' title='bbox 352 504 661 571; x_wconf 91' lang='lat' dir='ltr'><strong>oppositum</strong></span> <span class='ocrx_word' id='word_1_18' title='bbox 702 503 851 552; x_wconf 89' lang='lat' dir='ltr'><strong>venit</strong></span> <span class='ocrx_word' id='word_1_19' title='bbox 890 502 1221 553; x_wconf 87' lang='lat' dir='ltr'><strong>manducans</strong></span> <span class='ocrx_word' id='word_1_20' title='bbox 1260 508 1315 553; x_wconf 92' lang='lat' dir='ltr'><strong>et</strong></span> <span class='ocrx_word' id='word_1_21' title='bbox 1352 501 1543 551; x_wconf 89' lang='lat' dir='ltr'><strong>bibens</strong></span> <span class='ocrx_word' id='word_1_22' title='bbox 1581 500 1719 551; x_wconf 90' lang='lat' dir='ltr'><strong>adeo</strong></span> <span class='ocrx_word' id='word_1_23' title='bbox 1746 508 1805 551; x_wconf 89' lang='lat' dir='ltr'><strong>ut</strong></span> <span class='ocrx_word' id='word_1_24' title='bbox 1831 509 2048 552; x_wconf 89' lang='lat' dir='ltr'><strong>vorator</strong></span> <span class='ocrx_word' id='word_1_25' title='bbox 2072 499 2143 551; x_wconf 93' lang='lat' dir='ltr'><strong>ab</strong></span> 
     </span>
     <span class='ocr_line' id='line_1_4' title="bbox 221 586 2146 653; baseline -0.003 -12"><span class='ocrx_word' id='word_1_26' title='bbox 221 589 412 641; x_wconf 89' lang='lat' dir='ltr'><strong>emulis</strong></span> <span class='ocrx_word' id='word_1_27' title='bbox 456 588 738 640; x_wconf 88' lang='lat' dir='ltr'><strong>diceretur.</strong></span> <span class='ocrx_word' id='word_1_28' title='bbox 818 588 947 638; x_wconf 78' lang='lat' dir='ltr'><strong>Luc,</strong></span> <span class='ocrx_word' id='word_1_29' title='bbox 995 599 1044 650; x_wconf 93' lang='lat'><strong>7.</strong></span> <span class='ocrx_word' id='word_1_30' title='bbox 1126 586 1409 653; x_wconf 85' lang='lat' dir='ltr'><strong>Numquid</strong></span> <span class='ocrx_word' id='word_1_31' title='bbox 1458 602 1589 651; x_wconf 91' lang='lat' dir='ltr'><strong>ergo</strong></span> <span class='ocrx_word' id='word_1_32' title='bbox 1639 587 1815 637; x_wconf 90' lang='lat' dir='ltr'><strong>omnis</strong></span> <span class='ocrx_word' id='word_1_33' title='bbox 1860 586 1915 637; x_wconf 90' lang='lat' dir='ltr'><strong>in</strong></span> <span class='ocrx_word' id='word_1_34' title='bbox 1967 602 2146 637; x_wconf 88' lang='lat' dir='ltr'><strong>come-</strong></span> 
     </span>
     <span class='ocr_line' id='line_1_5' title="bbox 225 670 2142 739; baseline -0.002 -14"><span class='ocrx_word' id='word_1_35' title='bbox 225 673 406 726; x_wconf 90' lang='lat' dir='ltr'><strong>dendo</strong></span> <span class='ocrx_word' id='word_1_36' title='bbox 434 674 648 726; x_wconf 89' lang='lat' dir='ltr'><strong>Christo</strong></span> <span class='ocrx_word' id='word_1_37' title='bbox 675 673 900 723; x_wconf 85' lang='lat' dir='ltr'>similior</span> <span class='ocrx_word' id='word_1_38' title='bbox 925 681 1008 723; x_wconf 92' lang='lat' dir='ltr'><strong>est</strong></span> <span class='ocrx_word' id='word_1_39' title='bbox 1037 670 1324 739; x_wconf 80' lang='lat' dir='ltr'><strong>perfectior</strong></span> <span class='ocrx_word' id='word_1_40' title='bbox 1355 672 1605 737; x_wconf 90' lang='lat' dir='ltr'><strong>Johanne</strong></span> <span class='ocrx_word' id='word_1_41' title='bbox 1631 688 1739 722; x_wconf 90' lang='lat' dir='ltr'><strong>non</strong></span> <span class='ocrx_word' id='word_1_42' title='bbox 1780 671 2142 722; x_wconf 76' lang='lat' dir='ltr'><strong>comedente?</strong></span> 
     </span>
     <span class='ocr_line' id='line_1_6' title="bbox 226 756 2149 824; baseline -0.003 -12"><span class='ocrx_word' id='word_1_43' title='bbox 226 760 446 812; x_wconf 89' lang='lat' dir='ltr'><strong>Certum</strong></span> <span class='ocrx_word' id='word_1_44' title='bbox 492 767 572 809; x_wconf 90' lang='lat' dir='ltr'><strong>est</strong></span> <span class='ocrx_word' id='word_1_45' title='bbox 615 759 759 824; x_wconf 91' lang='lat' dir='ltr'><strong>quod</strong></span> <span class='ocrx_word' id='word_1_46' title='bbox 805 775 929 822; x_wconf 90' lang='lat' dir='ltr'><strong>non,</strong></span> <span class='ocrx_word' id='word_1_47' title='bbox 974 760 1099 824; x_wconf 88' lang='lat' dir='ltr'><strong>quia</strong></span> <span class='ocrx_word' id='word_1_48' title='bbox 1140 775 1247 809; x_wconf 88' lang='lat' dir='ltr'><strong>non</strong></span> <span class='ocrx_word' id='word_1_49' title='bbox 1293 759 1471 808; x_wconf 91' lang='lat' dir='ltr'><strong>omnis</strong></span> <span class='ocrx_word' id='word_1_50' title='bbox 1519 758 1846 808; x_wconf 86' lang='lat' dir='ltr'><strong>conveniens</strong></span> <span class='ocrx_word' id='word_1_51' title='bbox 1898 759 1951 807; x_wconf 90' lang='lat' dir='ltr'><strong>in</strong></span> <span class='ocrx_word' id='word_1_52' title='bbox 2005 756 2149 808; x_wconf 82' lang='lat' dir='ltr'><strong>facto</strong></span> 
     </span>
     <span class='ocr_line' id='line_1_7' title="bbox 223 842 2145 896; baseline -0.002 0"><span class='ocrx_word' id='word_1_53' title='bbox 223 846 476 896; x_wconf 89' lang='lat' dir='ltr'><strong>convenit</strong></span> <span class='ocrx_word' id='word_1_54' title='bbox 527 845 581 894; x_wconf 90' lang='lat' dir='ltr'><strong>in</strong></span> <span class='ocrx_word' id='word_1_55' title='bbox 633 844 840 894; x_wconf 90' lang='lat' dir='ltr'><strong>ratione</strong></span> <span class='ocrx_word' id='word_1_56' title='bbox 889 842 1133 896; x_wconf 86' lang='lat' dir='ltr'><strong>faciendi.</strong></span> <span class='ocrx_word' id='word_1_57' title='bbox 1213 843 1459 896; x_wconf 89' lang='lat' dir='ltr'><strong>Christus</strong></span> <span class='ocrx_word' id='word_1_58' title='bbox 1509 844 1656 894; x_wconf 91' lang='lat' dir='ltr'><strong>enim</strong></span> <span class='ocrx_word' id='word_1_59' title='bbox 1707 842 1946 893; x_wconf 92' lang='lat' dir='ltr'><strong>comedit</strong></span> <span class='ocrx_word' id='word_1_60' title='bbox 1996 860 2145 893; x_wconf 90' lang='lat' dir='ltr'><strong>com-</strong></span> 
     </span>
     <span class='ocr_line' id='line_1_8' title="bbox 226 927 2150 996; baseline -0.002 -14"><span class='ocrx_word' id='word_1_61' title='bbox 226 932 412 982; x_wconf 90' lang='lat' dir='ltr'><strong>munia</strong></span> <span class='ocrx_word' id='word_1_62' title='bbox 451 946 598 980; x_wconf 91' lang='lat' dir='ltr'><strong>mere</strong></span> <span class='ocrx_word' id='word_1_63' title='bbox 636 946 732 996; x_wconf 92' lang='lat' dir='ltr'><strong>pro</strong></span> <span class='ocrx_word' id='word_1_64' title='bbox 770 930 900 980; x_wconf 83' lang='lat' dir='ltr'><strong>aliis,</strong></span> <span class='ocrx_word' id='word_1_65' title='bbox 982 930 1109 979; x_wconf 92' lang='lat' dir='ltr'><strong>Non</strong></span> <span class='ocrx_word' id='word_1_66' title='bbox 1150 946 1281 995; x_wconf 92' lang='lat' dir='ltr'><strong>ergo</strong></span> <span class='ocrx_word' id='word_1_67' title='bbox 1318 927 1614 994; x_wconf 86' lang='lat' dir='ltr'><strong>glorientur</strong></span> <span class='ocrx_word' id='word_1_68' title='bbox 1651 929 1722 979; x_wconf 94' lang='lat' dir='ltr'><strong>de</strong></span> <span class='ocrx_word' id='word_1_69' title='bbox 1761 929 1862 978; x_wconf 92' lang='lat' dir='ltr'><strong>hoc</strong></span> <span class='ocrx_word' id='word_1_70' title='bbox 1890 929 2040 994; x_wconf 84' lang='lat' dir='ltr'>quasi</span> <span class='ocrx_word' id='word_1_71' title='bbox 2081 927 2150 978; x_wconf 89' lang='lat' dir='ltr'><strong>de</strong></span> 
     </span>
     <span class='ocr_line' id='line_1_9' title="bbox 226 1013 2149 1083; baseline -0.002 -17"><span class='ocrx_word' id='word_1_72' title='bbox 226 1017 554 1083; x_wconf 87' lang='lat' dir='ltr'><strong>perfectione</strong></span> <span class='ocrx_word' id='word_1_73' title='bbox 579 1017 670 1081; x_wconf 90' lang='lat' dir='ltr'><strong>qui</strong></span> <span class='ocrx_word' id='word_1_74' title='bbox 697 1015 992 1067; x_wconf 90' lang='lat' dir='ltr'><strong>comedunt</strong></span> <span class='ocrx_word' id='word_1_75' title='bbox 1018 1015 1330 1067; x_wconf 89' lang='lat' dir='ltr'><strong>communia</strong></span> <span class='ocrx_word' id='word_1_76' title='bbox 1356 1032 1454 1082; x_wconf 93' lang='lat' dir='ltr'><strong>pro</strong></span> <span class='ocrx_word' id='word_1_77' title='bbox 1481 1032 1537 1065; x_wconf 92' lang='lat' dir='ltr'><strong>se</strong></span> <span class='ocrx_word' id='word_1_78' title='bbox 1563 1015 1708 1081; x_wconf 82' lang='lat' dir='ltr'><strong>ipsis,</strong></span> <span class='ocrx_word' id='word_1_79' title='bbox 1790 1013 1875 1064; x_wconf 92' lang='lat' dir='ltr'><strong>Tu</strong></span> <span class='ocrx_word' id='word_1_80' title='bbox 1903 1029 2032 1079; x_wconf 91' lang='lat' dir='ltr'><strong>ergo</strong></span> <span class='ocrx_word' id='word_1_81' title='bbox 2060 1014 2149 1079; x_wconf 84' lang='lat' dir='ltr'><strong>qui</strong></span> 
     </span>
     <span class='ocr_line' id='line_1_10' title="bbox 226 1100 2151 1168; baseline -0.002 -16"><span class='ocrx_word' id='word_1_82' title='bbox 226 1101 425 1153; x_wconf 90' lang='lat' dir='ltr'><strong>loculos</strong></span> <span class='ocrx_word' id='word_1_83' title='bbox 462 1101 628 1153; x_wconf 88' lang='lat' dir='ltr'><strong>habes</strong></span> <span class='ocrx_word' id='word_1_84' title='bbox 665 1101 1032 1168; x_wconf 80' lang='lat' dir='ltr'><strong>principaliter</strong></span> <span class='ocrx_word' id='word_1_85' title='bbox 1070 1118 1168 1168; x_wconf 91' lang='lat' dir='ltr'><strong>pro</strong></span> <span class='ocrx_word' id='word_1_86' title='bbox 1206 1110 1260 1151; x_wconf 94' lang='lat' dir='ltr'><strong>te</strong></span> <span class='ocrx_word' id='word_1_87' title='bbox 1296 1103 1427 1165; x_wconf 82' lang='lat' dir='ltr'><strong>ipSO‚</strong></span> <span class='ocrx_word' id='word_1_88' title='bbox 1454 1117 1554 1151; x_wconf 92' lang='lat' dir='ltr'><strong>nec</strong></span> <span class='ocrx_word' id='word_1_89' title='bbox 1581 1100 1826 1151; x_wconf 80' lang='lat' dir='ltr'>ambulas</span> <span class='ocrx_word' id='word_1_90' title='bbox 1852 1100 1903 1149; x_wconf 89' lang='lat' dir='ltr'><strong>in</strong></span> <span class='ocrx_word' id='word_1_91' title='bbox 1931 1101 2018 1150; x_wconf 85' lang='lat' dir='ltr'><strong>via</strong></span> <span class='ocrx_word' id='word_1_92' title='bbox 2045 1100 2151 1150; x_wconf 91' lang='lat' dir='ltr'><strong>dis-</strong></span> 
     </span>
     <span class='ocr_line' id='line_1_11' title="bbox 224 1184 2151 1254; baseline -0.003 -14"><span class='ocrx_word' id='word_1_93' title='bbox 224 1189 490 1240; x_wconf 90' lang='lat' dir='ltr'><strong>trictionis</strong></span> <span class='ocrx_word' id='word_1_94' title='bbox 529 1186 743 1249; x_wconf 84' lang='lat' dir='ltr'><strong>Christi,</strong></span> <span class='ocrx_word' id='word_1_95' title='bbox 781 1204 892 1237; x_wconf 93' lang='lat' dir='ltr'><strong>non</strong></span> <span class='ocrx_word' id='word_1_96' title='bbox 930 1187 1028 1238; x_wconf 89' lang='lat' dir='ltr'><strong>tibi</strong></span> <span class='ocrx_word' id='word_1_97' title='bbox 1068 1204 1285 1254; x_wconf 82' lang='lat' dir='ltr'><strong>arroges</strong></span> <span class='ocrx_word' id='word_1_98' title='bbox 1326 1186 1670 1254; x_wconf 88' lang='lat' dir='ltr'><strong>perfectionis</strong></span> <span class='ocrx_word' id='word_1_99' title='bbox 1706 1187 1919 1252; x_wconf 87' lang='lat' dir='ltr'><strong>apicem</strong></span> <span class='ocrx_word' id='word_1_100' title='bbox 1960 1186 2014 1235; x_wconf 91' lang='lat' dir='ltr'><strong>in</strong></span> <span class='ocrx_word' id='word_1_101' title='bbox 2051 1184 2151 1235; x_wconf 89' lang='lat' dir='ltr'><strong>hac</strong></span> 
     </span>
     <span class='ocr_line' id='line_1_12' title="bbox 226 1271 2153 1341; baseline -0.002 -17"><span class='ocrx_word' id='word_1_102' title='bbox 226 1281 397 1340; x_wconf 90' lang='lat' dir='ltr'><strong>parte.</strong></span> <span class='ocrx_word' id='word_1_103' title='bbox 477 1273 643 1323; x_wconf 90' lang='lat' dir='ltr'><strong>Forte</strong></span> <span class='ocrx_word' id='word_1_104' title='bbox 679 1273 824 1324; x_wconf 93' lang='lat' dir='ltr'><strong>dices</strong></span> <span class='ocrx_word' id='word_1_105' title='bbox 863 1290 948 1324; x_wconf 92' lang='lat' dir='ltr'><strong>me</strong></span> <span class='ocrx_word' id='word_1_106' title='bbox 982 1272 1280 1341; x_wconf 89' lang='lat' dir='ltr'><strong>dampnare</strong></span> <span class='ocrx_word' id='word_1_107' title='bbox 1317 1272 1550 1339; x_wconf 90' lang='lat' dir='ltr'><strong>prelatos</strong></span> <span class='ocrx_word' id='word_1_108' title='bbox 1574 1271 1809 1331; x_wconf 90' lang='lat' dir='ltr'><strong>ecclesie,</strong></span> <span class='ocrx_word' id='word_1_109' title='bbox 1835 1273 1924 1337; x_wconf 90' lang='lat' dir='ltr'><strong>qui</strong></span> <span class='ocrx_word' id='word_1_110' title='bbox 1951 1271 2153 1322; x_wconf 91' lang='lat' dir='ltr'><strong>habent</strong></span> 
     </span>
     <span class='ocr_line' id='line_1_13' title="bbox 226 1356 2151 1426; baseline -0.002 -17"><span class='ocrx_word' id='word_1_111' title='bbox 226 1375 336 1410; x_wconf 90' lang='lat' dir='ltr'><strong>non</strong></span> <span class='ocrx_word' id='word_1_112' title='bbox 367 1359 539 1410; x_wconf 91' lang='lat' dir='ltr'><strong>solum</strong></span> <span class='ocrx_word' id='word_1_113' title='bbox 582 1361 974 1426; x_wconf 90' lang='lat' dir='ltr'><strong>possessionem</strong></span> <span class='ocrx_word' id='word_1_114' title='bbox 1004 1359 1317 1422; x_wconf 89' lang='lat' dir='ltr'><strong>loculorum,</strong></span> <span class='ocrx_word' id='word_1_115' title='bbox 1349 1359 1445 1410; x_wconf 89' lang='lat' dir='ltr'><strong>sed</strong></span> <span class='ocrx_word' id='word_1_116' title='bbox 1471 1360 1637 1410; x_wconf 89' lang='lat' dir='ltr'><strong>etiam</strong></span> <span class='ocrx_word' id='word_1_117' title='bbox 1665 1358 1938 1425; x_wconf 90' lang='lat' dir='ltr'><strong>peculium</strong></span> <span class='ocrx_word' id='word_1_118' title='bbox 1968 1356 2113 1423; x_wconf 90' lang='lat' dir='ltr'><strong>quod</strong></span> <span class='ocrx_word' id='word_1_119' title='bbox 2134 1356 2151 1385; x_wconf 82' lang='lat'>1</span> 
     </span>
     <span class='ocr_line' id='line_1_14' title="bbox 224 1443 2155 1512; baseline -0.002 -16"><span class='ocrx_word' id='word_1_120' title='bbox 224 1447 640 1512; x_wconf 83' lang='lat' dir='ltr'><strong>consanguineis</strong></span> <span class='ocrx_word' id='word_1_121' title='bbox 675 1446 1000 1497; x_wconf 86' lang='lat' dir='ltr'><strong>hereditarie</strong></span> <span class='ocrx_word' id='word_1_122' title='bbox 1037 1445 1422 1512; x_wconf 85' lang='lat' dir='ltr'><strong>derelinquunt</strong></span> <span class='ocrx_word' id='word_1_123' title='bbox 1461 1446 1603 1511; x_wconf 85' lang='lat' dir='ltr'><strong>quod</strong></span> <span class='ocrx_word' id='word_1_124' title='bbox 1641 1445 1857 1495; x_wconf 88' lang='lat' dir='ltr'><strong>videtur</strong></span> <span class='ocrx_word' id='word_1_125' title='bbox 1890 1443 2155 1502; x_wconf 89' lang='lat' dir='ltr'><strong>illicitum,</strong></span> 
     </span>
     <span class='ocr_line' id='line_1_15' title="bbox 227 1528 2153 1599; baseline -0.002 -17"><span class='ocrx_word' id='word_1_126' title='bbox 227 1549 351 1582; x_wconf 90' lang='lat' dir='ltr'><strong>cum</strong></span> <span class='ocrx_word' id='word_1_127' title='bbox 379 1533 487 1582; x_wconf 90' lang='lat' dir='ltr'><strong>sint</strong></span> <span class='ocrx_word' id='word_1_128' title='bbox 507 1548 833 1582; x_wconf 87' lang='lat' dir='ltr'><strong>successores</strong></span> <span class='ocrx_word' id='word_1_129' title='bbox 853 1531 1241 1599; x_wconf 86' lang='lat' dir='ltr'><strong>apostolorum,</strong></span> <span class='ocrx_word' id='word_1_130' title='bbox 1264 1532 1458 1598; x_wconf 88' lang='lat' dir='ltr'><strong>quibus</strong></span> <span class='ocrx_word' id='word_1_131' title='bbox 1478 1530 1813 1598; x_wconf 87' lang='lat' dir='ltr'><strong>prohibitum</strong></span> <span class='ocrx_word' id='word_1_132' title='bbox 1841 1537 1923 1580; x_wconf 90' lang='lat' dir='ltr'><strong>est</strong></span> <span class='ocrx_word' id='word_1_133' title='bbox 1950 1528 2153 1594; x_wconf 89' lang='lat' dir='ltr'><strong>aliquid</strong></span> 
     </span>
     <span class='ocr_line' id='line_1_16' title="bbox 228 1614 2155 1685; baseline -0.002 -18"><span class='ocrx_word' id='word_1_134' title='bbox 228 1617 517 1685; x_wconf 89' lang='lat' dir='ltr'><strong>possidere.</strong></span> <span class='ocrx_word' id='word_1_135' title='bbox 623 1617 713 1669; x_wconf 86' lang='lat' dir='ltr'><strong>Ad</strong></span> <span class='ocrx_word' id='word_1_136' title='bbox 761 1618 907 1685; x_wconf 92' lang='lat' dir='ltr'><strong>quod</strong></span> <span class='ocrx_word' id='word_1_137' title='bbox 951 1617 1254 1685; x_wconf 87' lang='lat' dir='ltr'><strong>respondeo</strong></span> <span class='ocrx_word' id='word_1_138' title='bbox 1298 1618 1445 1684; x_wconf 91' lang='lat' dir='ltr'><strong>quod</strong></span> <span class='ocrx_word' id='word_1_139' title='bbox 1490 1617 1668 1668; x_wconf 90' lang='lat' dir='ltr'><strong>nullus</strong></span> <span class='ocrx_word' id='word_1_140' title='bbox 1714 1623 1889 1668; x_wconf 90' lang='lat' dir='ltr'><strong>status</strong></span> <span class='ocrx_word' id='word_1_141' title='bbox 1933 1614 2155 1665; x_wconf 89' lang='lat' dir='ltr'><strong>ecclesie</strong></span> 
     </span>
     <span class='ocr_line' id='line_1_17' title="bbox 227 1701 2154 1770; baseline -0.002 -16"><span class='ocrx_word' id='word_1_142' title='bbox 227 1704 463 1754; x_wconf 87' lang='lat' dir='ltr'><strong>succedit</strong></span> <span class='ocrx_word' id='word_1_143' title='bbox 499 1704 758 1770; x_wconf 92' lang='lat' dir='ltr'><strong>apostolis</strong></span> <span class='ocrx_word' id='word_1_144' title='bbox 794 1706 848 1754; x_wconf 89' lang='lat' dir='ltr'><strong>in</strong></span> <span class='ocrx_word' id='word_1_145' title='bbox 884 1706 1173 1756; x_wconf 89' lang='lat' dir='ltr'><strong>omnibus:</strong></span> <span class='ocrx_word' id='word_1_146' title='bbox 1235 1705 1527 1754; x_wconf 89' lang='lat' dir='ltr'><strong>succedunt</strong></span> <span class='ocrx_word' id='word_1_147' title='bbox 1569 1705 1714 1753; x_wconf 89' lang='lat' dir='ltr'><strong>enim</strong></span> <span class='ocrx_word' id='word_1_148' title='bbox 1736 1701 1754 1730; x_wconf 79' lang='lat'><strong>2</strong></span> <span class='ocrx_word' id='word_1_149' title='bbox 1797 1703 1873 1753; x_wconf 88' lang='lat' dir='ltr'><strong>eis</strong></span> <span class='ocrx_word' id='word_1_150' title='bbox 1917 1701 2154 1768; x_wconf 90' lang='lat' dir='ltr'><strong>episcopi</strong></span> 
     </span>
     <span class='ocr_line' id='line_1_18' title="bbox 229 1786 2155 1857; baseline -0.002 -17"><span class='ocrx_word' id='word_1_151' title='bbox 229 1792 282 1840; x_wconf 92' lang='lat' dir='ltr'><strong>in</strong></span> <span class='ocrx_word' id='word_1_152' title='bbox 322 1792 625 1850; x_wconf 89' lang='lat' dir='ltr'><strong>autoritate,</strong></span> <span class='ocrx_word' id='word_1_153' title='bbox 663 1791 962 1841; x_wconf 87' lang='lat' dir='ltr'><strong>succedunt</strong></span> <span class='ocrx_word' id='word_1_154' title='bbox 997 1791 1233 1857; x_wconf 89' lang='lat' dir='ltr'><strong>religiosi</strong></span> <span class='ocrx_word' id='word_1_155' title='bbox 1270 1792 1322 1840; x_wconf 90' lang='lat' dir='ltr'><strong>in</strong></span> <span class='ocrx_word' id='word_1_156' title='bbox 1366 1789 1825 1856; x_wconf 81' lang='lat' dir='ltr'><strong>expropriatione,</strong></span> <span class='ocrx_word' id='word_1_157' title='bbox 1860 1786 2155 1838; x_wconf 88' lang='lat' dir='ltr'><strong>succedunt</strong></span> 
     </span>
     <span class='ocr_line' id='line_1_19' title="bbox 229 1874 2155 1942; baseline -0.002 -16"><span class='ocrx_word' id='word_1_158' title='bbox 229 1874 537 1927; x_wconf 87' lang='lat' dir='ltr'><strong>sacerdotes</strong></span> <span class='ocrx_word' id='word_1_159' title='bbox 587 1877 641 1926; x_wconf 88' lang='lat' dir='ltr'><strong>in</strong></span> <span class='ocrx_word' id='word_1_160' title='bbox 695 1877 965 1927; x_wconf 88' lang='lat' dir='ltr'><strong>minorum</strong></span> <span class='ocrx_word' id='word_1_161' title='bbox 1018 1883 1482 1927; x_wconf 89' lang='lat' dir='ltr'><strong>sacramentorum</strong></span> <span class='ocrx_word' id='word_1_162' title='bbox 1544 1876 1961 1942; x_wconf 86' lang='lat' dir='ltr'><strong>dispensatione,</strong></span> <span class='ocrx_word' id='word_1_163' title='bbox 2014 1874 2155 1923; x_wconf 89' lang='lat' dir='ltr'><strong>sicut</strong></span> 
     </span>
     <span class='ocr_line' id='line_1_20' title="bbox 230 1959 2156 2029; baseline -0.002 -17"><span class='ocrx_word' id='word_1_164' title='bbox 230 1968 449 2012; x_wconf 91' lang='lat' dir='ltr'><strong>notatur</strong></span> <span class='ocrx_word' id='word_1_165' title='bbox 478 1970 533 2013; x_wconf 91' lang='lat' dir='ltr'><strong>et</strong></span> <span class='ocrx_word' id='word_1_166' title='bbox 571 1963 830 2029; x_wconf 89' lang='lat' dir='ltr'><strong>probatur</strong></span> <span class='ocrx_word' id='word_1_167' title='bbox 865 1976 943 2015; x_wconf 85' lang='lat'><strong>12.</strong></span> <span class='ocrx_word' id='word_1_168' title='bbox 976 1980 1023 2029; x_wconf 87' lang='lat' dir='ltr'><strong>q.</strong></span> <span class='ocrx_word' id='word_1_169' title='bbox 1069 1977 1112 2015; x_wconf 92' lang='lat'><strong>1.</strong></span> <span class='ocrx_word' id='word_1_170' title='bbox 1155 1980 1317 2029; x_wconf 88' lang='lat' dir='ltr'><strong>super</strong></span> <span class='ocrx_word' id='word_1_171' title='bbox 1348 1961 1561 2013; x_wconf 80' lang='lat' dir='ltr'><strong>canon.3</strong></span> <span class='ocrx_word' id='word_1_172' title='bbox 1595 1968 1620 1988; x_wconf 89' lang='lat'>“</span> <span class='ocrx_word' id='word_1_173' title='bbox 1646 1959 1955 2013; x_wconf 81' lang='lat' dir='ltr'><strong>VidenteS.&#39;’</strong></span> <span class='ocrx_word' id='word_1_174' title='bbox 2033 1959 2156 2009; x_wconf 89' lang='lat' dir='ltr'><strong>Pre-</strong></span> 
     </span>
     <span class='ocr_line' id='line_1_21' title="bbox 230 2046 2157 2116; baseline -0.002 -19"><span class='ocrx_word' id='word_1_175' title='bbox 230 2048 374 2098; x_wconf 91' lang='lat' dir='ltr'><strong>dicta</strong></span> <span class='ocrx_word' id='word_1_176' title='bbox 412 2049 576 2114; x_wconf 90' lang='lat' dir='ltr'><strong>igitur</strong></span> <span class='ocrx_word' id='word_1_177' title='bbox 615 2051 951 2116; x_wconf 89' lang='lat' dir='ltr'><strong>paupertatis</strong></span> <span class='ocrx_word' id='word_1_178' title='bbox 990 2050 1254 2100; x_wconf 88' lang='lat' dir='ltr'><strong>districtio</strong></span> <span class='ocrx_word' id='word_1_179' title='bbox 1293 2065 1404 2100; x_wconf 90' lang='lat' dir='ltr'><strong>non</strong></span> <span class='ocrx_word' id='word_1_180' title='bbox 1444 2048 1546 2099; x_wconf 86' lang='lat' dir='ltr'><strong>fuit</strong></span> <span class='ocrx_word' id='word_1_181' title='bbox 1580 2047 1842 2114; x_wconf 89' lang='lat' dir='ltr'><strong>apostolis</strong></span> <span class='ocrx_word' id='word_1_182' title='bbox 1868 2046 2070 2097; x_wconf 89' lang='lat' dir='ltr'><strong>tradita</strong></span> <span class='ocrx_word' id='word_1_183' title='bbox 2097 2052 2157 2095; x_wconf 92' lang='lat' dir='ltr'><strong>ut</strong></span> 
     </span>
     <span class='ocr_line' id='line_1_22' title="bbox 230 2133 2157 2202; baseline -0.002 -18"><span class='ocrx_word' id='word_1_184' title='bbox 230 2134 466 2201; x_wconf 81' lang='lat' dir='ltr'><strong>prelatiS‚</strong></span> <span class='ocrx_word' id='word_1_185' title='bbox 507 2135 632 2201; x_wconf 88' lang='lat' dir='ltr'><strong>quia</strong></span> <span class='ocrx_word' id='word_1_186' title='bbox 672 2135 766 2186; x_wconf 88' lang='lat' dir='ltr'><strong>illo</strong></span> <span class='ocrx_word' id='word_1_187' title='bbox 804 2143 1051 2202; x_wconf 86' lang='lat' dir='ltr'><strong>tempore</strong></span> <span class='ocrx_word' id='word_1_188' title='bbox 1090 2152 1198 2186; x_wconf 92' lang='lat' dir='ltr'><strong>non</strong></span> <span class='ocrx_word' id='word_1_189' title='bbox 1238 2143 1393 2186; x_wconf 91' lang='lat' dir='ltr'><strong>erant</strong></span> <span class='ocrx_word' id='word_1_190' title='bbox 1433 2135 1626 2202; x_wconf 89' lang='lat' dir='ltr'><strong>prelati</strong></span> <span class='ocrx_word' id='word_1_191' title='bbox 1668 2151 1765 2185; x_wconf 91' lang='lat' dir='ltr'><strong>nec</strong></span> <span class='ocrx_word' id='word_1_192' title='bbox 1798 2133 1962 2184; x_wconf 91' lang='lat' dir='ltr'><strong>etiam</strong></span> <span class='ocrx_word' id='word_1_193' title='bbox 1991 2148 2157 2182; x_wconf 90' lang='lat' dir='ltr'><strong>sacer-</strong></span> 
     </span>
     <span class='ocr_line' id='line_1_23' title="bbox 231 2219 2158 2288; baseline -0.002 -18"><span class='ocrx_word' id='word_1_194' title='bbox 231 2221 397 2279; x_wconf 72' lang='lat' dir='ltr'><strong>doteS,</strong></span> <span class='ocrx_word' id='word_1_195' title='bbox 428 2221 521 2272; x_wconf 92' lang='lat' dir='ltr'><strong>sed</strong></span> <span class='ocrx_word' id='word_1_196' title='bbox 550 2220 768 2272; x_wconf 89' lang='lat' dir='ltr'><strong>fuerunt</strong></span> <span class='ocrx_word' id='word_1_197' title='bbox 794 2229 1010 2273; x_wconf 90' lang='lat' dir='ltr'><strong>tantum</strong></span> <span class='ocrx_word' id='word_1_198' title='bbox 1036 2223 1291 2273; x_wconf 87' lang='lat' dir='ltr'><strong>autentici</strong></span> <span class='ocrx_word' id='word_1_199' title='bbox 1320 2220 1722 2288; x_wconf 80' lang='lat' dir='ltr'><strong>predicatoreS‚4</strong></span> <span class='ocrx_word' id='word_1_200' title='bbox 1758 2221 1893 2270; x_wconf 86' lang='lat' dir='ltr'><strong>veris</strong></span> <span class='ocrx_word' id='word_1_201' title='bbox 1921 2219 2158 2285; x_wconf 89' lang='lat' dir='ltr'><strong>predica-</strong></span> 
     </span>
     <span class='ocr_line' id='line_1_24' title="bbox 230 2304 2158 2374; baseline -0.003 -16"><span class='ocrx_word' id='word_1_202' title='bbox 230 2307 436 2358; x_wconf 88' lang='lat' dir='ltr'><strong>toribus</strong></span> <span class='ocrx_word' id='word_1_203' title='bbox 474 2308 643 2358; x_wconf 88' lang='lat' dir='ltr'><strong>vitam</strong></span> <span class='ocrx_word' id='word_1_204' title='bbox 681 2316 735 2358; x_wconf 94' lang='lat' dir='ltr'><strong>et</strong></span> <span class='ocrx_word' id='word_1_205' title='bbox 774 2307 1009 2359; x_wconf 87' lang='lat' dir='ltr'><strong>officium</strong></span> <span class='ocrx_word' id='word_1_206' title='bbox 1039 2309 1421 2374; x_wconf 79' lang='lat' dir='ltr'><strong>relinquentes,</strong></span> <span class='ocrx_word' id='word_1_207' title='bbox 1502 2307 1642 2358; x_wconf 86' lang='lat' dir='ltr'><strong>Ecce</strong></span> <span class='ocrx_word' id='word_1_208' title='bbox 1670 2306 1832 2369; x_wconf 74' lang='lat' dir='ltr'><strong>videS‚</strong></span> <span class='ocrx_word' id='word_1_209' title='bbox 1864 2304 2158 2365; x_wconf 84' lang='lat' dir='ltr'><strong>karissime,</strong></span> 
     </span>
     <span class='ocr_line' id='line_1_25' title="bbox 230 2390 2158 2461; baseline -0.002 -19"><span class='ocrx_word' id='word_1_210' title='bbox 230 2394 275 2442; x_wconf 91' lang='lat' dir='ltr'><strong>si</strong></span> <span class='ocrx_word' id='word_1_211' title='bbox 302 2393 585 2454; x_wconf 58' lang='lat' dir='ltr'><strong>advertas?</strong></span> <span class='ocrx_word' id='word_1_212' title='bbox 611 2394 814 2444; x_wconf 91' lang='lat' dir='ltr'><strong>loculos</strong></span> <span class='ocrx_word' id='word_1_213' title='bbox 843 2402 966 2445; x_wconf 92' lang='lat' dir='ltr'><strong>tuos</strong></span> <span class='ocrx_word' id='word_1_214' title='bbox 993 2394 1334 2461; x_wconf 88' lang='lat' dir='ltr'><strong>perfectionis</strong></span> <span class='ocrx_word' id='word_1_215' title='bbox 1359 2395 1567 2461; x_wconf 89' lang='lat' dir='ltr'><strong>apicem</strong></span> <span class='ocrx_word' id='word_1_216' title='bbox 1594 2410 1703 2443; x_wconf 90' lang='lat' dir='ltr'><strong>non</strong></span> <span class='ocrx_word' id='word_1_217' title='bbox 1730 2401 1926 2444; x_wconf 90' lang='lat' dir='ltr'><strong>tenere.</strong></span> <span class='ocrx_word' id='word_1_218' title='bbox 1993 2390 2158 2457; x_wconf 75' lang='lat' dir='ltr'><strong>Quod</strong></span> 
     </span>
     <span class='ocr_line' id='line_1_26' title="bbox 232 2479 2159 2547; baseline -0.002 -19"><span class='ocrx_word' id='word_1_219' title='bbox 232 2485 415 2529; x_wconf 90' lang='lat' dir='ltr'><strong>autem</strong></span> <span class='ocrx_word' id='word_1_220' title='bbox 443 2479 572 2542; x_wconf 82' lang='lat' dir='ltr'><strong>dixi,</strong></span> <span class='ocrx_word' id='word_1_221' title='bbox 602 2479 874 2545; x_wconf 88' lang='lat' dir='ltr'><strong>religiosos</strong></span> <span class='ocrx_word' id='word_1_222' title='bbox 901 2479 1162 2547; x_wconf 90' lang='lat' dir='ltr'><strong>apostolis</strong></span> <span class='ocrx_word' id='word_1_223' title='bbox 1191 2482 1244 2531; x_wconf 90' lang='lat' dir='ltr'><strong>in</strong></span> <span class='ocrx_word' id='word_1_224' title='bbox 1272 2479 1712 2547; x_wconf 83' lang='lat' dir='ltr'><strong>expropriatione</strong></span> <span class='ocrx_word' id='word_1_225' title='bbox 1738 2479 2034 2532; x_wconf 79' lang='lat' dir='ltr'><strong>succedere,</strong></span> <span class='ocrx_word' id='word_1_226' title='bbox 2062 2493 2159 2543; x_wconf 90' lang='lat' dir='ltr'><strong>pro</strong></span> 
     </span>
     <span class='ocr_line' id='line_1_27' title="bbox 233 2565 2159 2633; baseline 0 -20"><span class='ocrx_word' id='word_1_227' title='bbox 233 2569 391 2614; x_wconf 92' lang='lat' dir='ltr'><strong>tanto</strong></span> <span class='ocrx_word' id='word_1_228' title='bbox 427 2581 615 2615; x_wconf 82' lang='lat' dir='ltr'><strong>verum</strong></span> <span class='ocrx_word' id='word_1_229' title='bbox 655 2582 770 2616; x_wconf 90' lang='lat' dir='ltr'><strong>esse</strong></span> <span class='ocrx_word' id='word_1_230' title='bbox 808 2566 1064 2632; x_wconf 85' lang='lat' dir='ltr'><strong>intelligO,</strong></span> <span class='ocrx_word' id='word_1_231' title='bbox 1110 2568 1238 2633; x_wconf 91' lang='lat' dir='ltr'><strong>quia</strong></span> <span class='ocrx_word' id='word_1_232' title='bbox 1281 2584 1406 2617; x_wconf 92' lang='lat' dir='ltr'><strong>cum</strong></span> <span class='ocrx_word' id='word_1_233' title='bbox 1449 2566 1682 2632; x_wconf 91' lang='lat' dir='ltr'><strong>religiosi</strong></span> <span class='ocrx_word' id='word_1_234' title='bbox 1724 2583 1838 2615; x_wconf 90' lang='lat' dir='ltr'><strong>esse</strong></span> <span class='ocrx_word' id='word_1_235' title='bbox 1881 2565 2159 2630; x_wconf 89' lang='lat' dir='ltr'><strong>incipiunt,</strong></span> 
     </span>
     <span class='ocr_line' id='line_1_28' title="bbox 235 2649 2154 2717; baseline -0.001 -17"><span class='ocrx_word' id='word_1_236' title='bbox 235 2651 382 2700; x_wconf 90' lang='lat' dir='ltr'><strong>omni</strong></span> <span class='ocrx_word' id='word_1_237' title='bbox 410 2651 723 2717; x_wconf 90' lang='lat' dir='ltr'><strong>proprietati</strong></span> <span class='ocrx_word' id='word_1_238' title='bbox 752 2653 1100 2713; x_wconf 88' lang='lat' dir='ltr'><strong>renunciant;</strong></span> <span class='ocrx_word' id='word_1_239' title='bbox 1141 2653 1234 2703; x_wconf 89' lang='lat' dir='ltr'><strong>sed</strong></span> <span class='ocrx_word' id='word_1_240' title='bbox 1263 2660 1446 2703; x_wconf 89' lang='lat' dir='ltr'><strong>tamen</strong></span> <span class='ocrx_word' id='word_1_241' title='bbox 1474 2669 1581 2702; x_wconf 89' lang='lat' dir='ltr'><strong>non</strong></span> <span class='ocrx_word' id='word_1_242' title='bbox 1609 2668 1798 2702; x_wconf 91' lang='lat' dir='ltr'><strong>omnes</strong></span> <span class='ocrx_word' id='word_1_243' title='bbox 1825 2649 2154 2701; x_wconf 88' lang='lat' dir='ltr'><strong>conveniunt</strong></span> 
     </span>
     <span class='ocr_line' id='line_1_29' title="bbox 234 2734 2158 2805; baseline -0.001 -20"><span class='ocrx_word' id='word_1_244' title='bbox 234 2752 358 2786; x_wconf 92' lang='lat' dir='ltr'><strong>cum</strong></span> <span class='ocrx_word' id='word_1_245' title='bbox 400 2736 615 2787; x_wconf 88' lang='lat' dir='ltr'><strong>Christo</strong></span> <span class='ocrx_word' id='word_1_246' title='bbox 654 2744 708 2788; x_wconf 91' lang='lat' dir='ltr'><strong>et</strong></span> <span class='ocrx_word' id='word_1_247' title='bbox 748 2737 1009 2804; x_wconf 89' lang='lat' dir='ltr'><strong>apostolis</strong></span> <span class='ocrx_word' id='word_1_248' title='bbox 1049 2755 1306 2805; x_wconf 85' lang='lat' dir='ltr'><strong>expresse</strong></span> <span class='ocrx_word' id='word_1_249' title='bbox 1335 2740 1388 2788; x_wconf 91' lang='lat' dir='ltr'><strong>in</strong></span> <span class='ocrx_word' id='word_1_250' title='bbox 1418 2738 1585 2789; x_wconf 93' lang='lat' dir='ltr'><strong>modo</strong></span> <span class='ocrx_word' id='word_1_251' title='bbox 1611 2737 1900 2804; x_wconf 89' lang='lat' dir='ltr'><strong>recipiendi</strong></span> <span class='ocrx_word' id='word_1_252' title='bbox 1926 2734 2158 2801; x_wconf 90' lang='lat' dir='ltr'><strong>corporis</strong></span> 
     </span>
     <span class='ocr_line' id='line_1_30' title="bbox 236 2820 2159 2891; baseline -0.001 -21"><span class='ocrx_word' id='word_1_253' title='bbox 236 2823 546 2875; x_wconf 87' lang='lat' dir='ltr'><strong>necessaria.</strong></span> <span class='ocrx_word' id='word_1_254' title='bbox 626 2823 852 2874; x_wconf 89' lang='lat' dir='ltr'><strong>Habent</strong></span> <span class='ocrx_word' id='word_1_255' title='bbox 878 2826 1020 2874; x_wconf 89' lang='lat' dir='ltr'><strong>enim</strong></span> <span class='ocrx_word' id='word_1_256' title='bbox 1043 2823 1062 2852; x_wconf 73' lang='grc'><strong>6</strong></span> <span class='ocrx_word' id='word_1_257' title='bbox 1088 2824 1177 2874; x_wconf 88' lang='lat' dir='ltr'><strong>alii</strong></span> <span class='ocrx_word' id='word_1_258' title='bbox 1207 2841 1435 2890; x_wconf 90' lang='lat' dir='ltr'><strong>magnas</strong></span> <span class='ocrx_word' id='word_1_259' title='bbox 1461 2825 1823 2891; x_wconf 89' lang='lat' dir='ltr'><strong>possessiones</strong></span> <span class='ocrx_word' id='word_1_260' title='bbox 1851 2820 2159 2872; x_wconf 90' lang='lat' dir='ltr'><strong>immobiles</strong></span> 
     </span>
     <span class='ocr_line' id='line_1_31' title="bbox 234 2908 2161 2977; baseline -0.003 -15"><span class='ocrx_word' id='word_1_261' title='bbox 234 2917 290 2962; x_wconf 88' lang='lat' dir='ltr'><strong>et</strong></span> <span class='ocrx_word' id='word_1_262' title='bbox 317 2908 553 2968; x_wconf 82' lang='lat' dir='ltr'><strong>mobileS‚</strong></span> <span class='ocrx_word' id='word_1_263' title='bbox 580 2908 670 2959; x_wconf 90' lang='lat' dir='ltr'><strong>alii</strong></span> <span class='ocrx_word' id='word_1_264' title='bbox 701 2912 951 2976; x_wconf 86' lang='lat' dir='ltr'><strong>pecunias</strong></span> <span class='ocrx_word' id='word_1_265' title='bbox 987 2927 1126 2976; x_wconf 90' lang='lat' dir='ltr'><strong>pene</strong></span> <span class='ocrx_word' id='word_1_266' title='bbox 1152 2928 1251 2961; x_wconf 91' lang='lat' dir='ltr'><strong>suo</strong></span> <span class='ocrx_word' id='word_1_267' title='bbox 1278 2911 1517 2977; x_wconf 85' lang='lat' dir='ltr'><strong>pondere</strong></span> <span class='ocrx_word' id='word_1_268' title='bbox 1545 2909 1865 2961; x_wconf 89' lang='lat' dir='ltr'><strong>immobiles.</strong></span> <span class='ocrx_word' id='word_1_269' title='bbox 1899 2908 1947 2957; x_wconf 86' lang='lat' dir='ltr'>E</span> <span class='ocrx_word' id='word_1_270' title='bbox 1976 2915 2161 2958; x_wconf 90' lang='lat' dir='ltr'><strong>contra</strong></span> 
     </span>
     <span class='ocr_line' id='line_1_32' title="bbox 236 2994 2160 3061; baseline -0.002 -15"><span class='ocrx_word' id='word_1_271' title='bbox 236 2997 366 3047; x_wconf 91' lang='lat' dir='ltr'><strong>dicit</strong></span> <span class='ocrx_word' id='word_1_272' title='bbox 392 2996 721 3061; x_wconf 89' lang='lat' dir='ltr'><strong>Jeronymus</strong></span> <span class='ocrx_word' id='word_1_273' title='bbox 749 2996 817 3046; x_wconf 90' lang='lat' dir='ltr'><strong>ad</strong></span> <span class='ocrx_word' id='word_1_274' title='bbox 847 2995 1163 3047; x_wconf 89' lang='lat' dir='ltr'><strong>Occeanum</strong></span> <span class='ocrx_word' id='word_1_275' title='bbox 1188 3014 1197 3046; x_wconf 92' lang='lat'>:</span> <span class='ocrx_word' id='word_1_276' title='bbox 1239 2997 1572 3048; x_wconf 89' lang='lat' dir='ltr'><strong>“avaritiam</strong></span> <span class='ocrx_word' id='word_1_277' title='bbox 1601 2997 1654 3046; x_wconf 92' lang='lat' dir='ltr'><strong>in</strong></span> <span class='ocrx_word' id='word_1_278' title='bbox 1683 2994 1961 3046; x_wconf 88' lang='lat' dir='ltr'><strong>sacerdote</strong></span> <span class='ocrx_word' id='word_1_279' title='bbox 1986 2995 2160 3044; x_wconf 87' lang='lat' dir='ltr'><strong>vitan-</strong></span> 
     </span>
     <span class='ocr_line' id='line_1_33' title="bbox 237 3082 2162 3149; baseline -0.001 -18"><span class='ocrx_word' id='word_1_280' title='bbox 237 3082 365 3132; x_wconf 92' lang='lat' dir='ltr'><strong>dam</strong></span> <span class='ocrx_word' id='word_1_281' title='bbox 403 3082 769 3147; x_wconf 90' lang='lat' dir='ltr'><strong>apostolorum</strong></span> <span class='ocrx_word' id='word_1_282' title='bbox 809 3091 1100 3148; x_wconf 91' lang='lat' dir='ltr'><strong>paupertas</strong></span> <span class='ocrx_word' id='word_1_283' title='bbox 1141 3084 1310 3144; x_wconf 90' lang='lat' dir='ltr'><strong>docet,</strong></span> <span class='ocrx_word' id='word_1_284' title='bbox 1352 3084 1445 3149; x_wconf 88' lang='lat' dir='ltr'><strong>qui</strong></span> <span class='ocrx_word' id='word_1_285' title='bbox 1486 3082 1758 3148; x_wconf 89' lang='lat' dir='ltr'><strong>refrigeria</strong></span> <span class='ocrx_word' id='word_1_286' title='bbox 1784 3087 2102 3147; x_wconf 88' lang='lat' dir='ltr'><strong>sumptuum</strong></span> <span class='ocrx_word' id='word_1_287' title='bbox 2131 3096 2162 3129; x_wconf 91' lang='lat' dir='ltr'><strong>a</strong></span> 
     </span>
     <span class='ocr_line' id='line_1_34' title="bbox 237 3166 2163 3233; baseline -0.001 -15"><span class='ocrx_word' id='word_1_288' title='bbox 237 3166 492 3218; x_wconf 87' lang='lat' dir='ltr'><strong>fratribus</strong></span> <span class='ocrx_word' id='word_1_289' title='bbox 536 3167 872 3233; x_wconf 88' lang='lat' dir='ltr'><strong>accipiebant</strong></span> <span class='ocrx_word' id='word_1_290' title='bbox 893 3166 932 3220; x_wconf 86' lang='lat'><strong>&#39;&#39;.</strong></span> <span class='ocrx_word' id='word_1_291' title='bbox 1038 3169 1111 3219; x_wconf 91' lang='lat' dir='ltr'><strong>Et</strong></span> <span class='ocrx_word' id='word_1_292' title='bbox 1155 3169 1298 3219; x_wconf 87' lang='lat' dir='ltr'><strong>idem</strong></span> <span class='ocrx_word' id='word_1_293' title='bbox 1351 3169 1481 3219; x_wconf 92' lang='lat' dir='ltr'><strong>dicit</strong></span> <span class='ocrx_word' id='word_1_294' title='bbox 1534 3168 1601 3217; x_wconf 88' lang='lat' dir='ltr'><strong>ad</strong></span> <span class='ocrx_word' id='word_1_295' title='bbox 1656 3167 2163 3232; x_wconf 86' lang='lat' dir='ltr'><strong>Exsuperantium:</strong></span> 
     </span>
     <span class='ocr_line' id='line_1_35' title="bbox 237 3252 2164 3320; baseline -0.002 -17"><span class='ocrx_word' id='word_1_296' title='bbox 237 3258 261 3280; x_wconf 90' lang='lat'><strong>“</strong></span> <span class='ocrx_word' id='word_1_297' title='bbox 284 3270 446 3303; x_wconf 91' lang='lat' dir='ltr'><strong>nemo</strong></span> <span class='ocrx_word' id='word_1_298' title='bbox 484 3253 742 3319; x_wconf 87' lang='lat' dir='ltr'><strong>apostolis</strong></span> <span class='ocrx_word' id='word_1_299' title='bbox 781 3254 1068 3320; x_wconf 90' lang='lat' dir='ltr'><strong>pauperior</strong></span> <span class='ocrx_word' id='word_1_300' title='bbox 1108 3255 1208 3305; x_wconf 89' lang='lat' dir='ltr'><strong>fuit</strong></span> <span class='ocrx_word' id='word_1_301' title='bbox 1228 3254 1274 3308; x_wconf 93' lang='lat'><strong>&#39;’.</strong></span> <span class='ocrx_word' id='word_1_302' title='bbox 1357 3254 1627 3320; x_wconf 80' lang='lat' dir='ltr'><strong>AmpliuS,</strong></span> <span class='ocrx_word' id='word_1_303' title='bbox 1654 3252 1827 3304; x_wconf 90' lang='lat' dir='ltr'><strong>credis</strong></span> <span class='ocrx_word' id='word_1_304' title='bbox 1855 3261 1909 3302; x_wconf 91' lang='lat' dir='ltr'><strong>te</strong></span> <span class='ocrx_word' id='word_1_305' title='bbox 1934 3252 2164 3319; x_wconf 90' lang='lat' dir='ltr'><strong>probare</strong></span> 
     </span>
     <span class='ocr_line' id='line_1_36' title="bbox 235 3338 2162 3406; baseline -0.002 -16"><span class='ocrx_word' id='word_1_306' title='bbox 235 3340 382 3391; x_wconf 91' lang='lat' dir='ltr'><strong>illam</strong></span> <span class='ocrx_word' id='word_1_307' title='bbox 431 3338 704 3390; x_wconf 90' lang='lat' dir='ltr'><strong>cohortem</strong></span> <span class='ocrx_word' id='word_1_308' title='bbox 758 3357 912 3390; x_wconf 89' lang='lat' dir='ltr'><strong>usam</strong></span> <span class='ocrx_word' id='word_1_309' title='bbox 965 3338 1126 3390; x_wconf 91' lang='lat' dir='ltr'><strong>fuisse</strong></span> <span class='ocrx_word' id='word_1_310' title='bbox 1179 3340 1398 3402; x_wconf 84' lang='lat' dir='ltr'><strong>loculis;</strong></span> <span class='ocrx_word' id='word_1_311' title='bbox 1453 3356 1560 3406; x_wconf 88' lang='lat' dir='ltr'><strong>qua</strong></span> <span class='ocrx_word' id='word_1_312' title='bbox 1609 3338 1759 3390; x_wconf 91' lang='lat' dir='ltr'><strong>cibos</strong></span> <span class='ocrx_word' id='word_1_313' title='bbox 1810 3344 2059 3388; x_wconf 89' lang='lat' dir='ltr'><strong>emerunt</strong></span> <span class='ocrx_word' id='word_1_314' title='bbox 2110 3338 2162 3386; x_wconf 90' lang='lat' dir='ltr'><strong>in</strong></span> 
     </span>
     <span class='ocr_line' id='line_1_37' title="bbox 346 3463 1924 3516; baseline -0.001 -12"><span class='ocrx_word' id='word_1_315' title='bbox 346 3464 360 3489; x_wconf 78' lang='lat'>1</span> <span class='ocrx_word' id='word_1_316' title='bbox 375 3463 505 3515; x_wconf 88' lang='lat' dir='ltr'><strong>etfor</strong></span> <span class='ocrx_word' id='word_1_317' title='bbox 527 3464 653 3516; x_wconf 89' lang='lat' dir='ltr'><strong>quod,</strong></span> <span class='ocrx_word' id='word_1_318' title='bbox 674 3467 725 3505; x_wconf 87' lang='lat' dir='ltr'><strong>A.</strong></span> <span class='ocrx_word' id='word_1_319' title='bbox 1594 3464 1610 3489; x_wconf 83' lang='lat'>2</span> <span class='ocrx_word' id='word_1_320' title='bbox 1631 3463 1757 3511; x_wconf 90' lang='lat' dir='ltr'><strong>enim,</strong></span> <span class='ocrx_word' id='word_1_321' title='bbox 1778 3477 1854 3503; x_wconf 85' lang='lat' dir='ltr'><strong>om.</strong></span> <span class='ocrx_word' id='word_1_322' title='bbox 1874 3465 1924 3503; x_wconf 88' lang='lat' dir='ltr'><strong>A.</strong></span> 
     </span>
    </p>
   </div>
   <div class='ocr_carea' id='block_1_3' title="bbox 343 3532 1985 3648">
    <p class='ocr_par' dir='ltr' id='par_1_3' title="bbox 343 3532 1985 3648">
     <span class='ocr_line' id='line_1_38' title="bbox 343 3532 1985 3585; baseline -0.001 -12"><span class='ocrx_word' id='word_1_323' title='bbox 343 3533 360 3558; x_wconf 78' lang='lat'><strong>3</strong></span> <span class='ocrx_word' id='word_1_324' title='bbox 381 3533 501 3573; x_wconf 87' lang='lat' dir='ltr'><strong>Cath.</strong></span> <span class='ocrx_word' id='word_1_325' title='bbox 523 3545 627 3572; x_wconf 84' lang='lat' dir='ltr'><strong>corr.</strong></span> <span class='ocrx_word' id='word_1_326' title='bbox 635 3532 753 3585; x_wconf 81' lang='lat' dir='ltr'><strong>from</strong></span> <span class='ocrx_word' id='word_1_327' title='bbox 773 3533 1017 3585; x_wconf 88' lang='lat' dir='ltr'><strong>capitulum,</strong></span> <span class='ocrx_word' id='word_1_328' title='bbox 1041 3535 1090 3575; x_wconf 88' lang='lat' dir='ltr'><strong>A.</strong></span> <span class='ocrx_word' id='word_1_329' title='bbox 1111 3546 1119 3580; x_wconf 79' lang='lat'><em>3</em></span> <span class='ocrx_word' id='word_1_330' title='bbox 1151 3546 1260 3585; x_wconf 64' lang='lat' dir='ltr'><strong>cap„</strong></span> <span class='ocrx_word' id='word_1_331' title='bbox 1285 3534 1333 3572; x_wconf 90' lang='lat' dir='ltr'><strong>B.</strong></span> <span class='ocrx_word' id='word_1_332' title='bbox 1592 3533 1608 3557; x_wconf 78' lang='lat'>4</span> <span class='ocrx_word' id='word_1_333' title='bbox 1629 3533 1914 3584; x_wconf 88' lang='lat' dir='ltr'><strong>predicatoris,</strong></span> <span class='ocrx_word' id='word_1_334' title='bbox 1935 3533 1985 3572; x_wconf 90' lang='lat' dir='ltr'><strong>A.</strong></span> 
     </span>
     <span class='ocr_line' id='line_1_39' title="bbox 344 3600 1911 3648; baseline -0.001 -8"><span class='ocrx_word' id='word_1_335' title='bbox 344 3601 360 3626; x_wconf 81' lang='lat'>⁵</span> <span class='ocrx_word' id='word_1_336' title='bbox 380 3600 575 3648; x_wconf 87' lang='lat' dir='ltr'><strong>advertis,</strong></span> <span class='ocrx_word' id='word_1_337' title='bbox 599 3600 649 3641; x_wconf 92' lang='grc' dir='ltr'><strong>Β.</strong></span> <span class='ocrx_word' id='word_1_338' title='bbox 1588 3601 1604 3625; x_wconf 79' lang='lat'><strong>⁶</strong></span> <span class='ocrx_word' id='word_1_339' title='bbox 1624 3600 1748 3648; x_wconf 90' lang='lat' dir='ltr'><strong>enim,</strong></span> <span class='ocrx_word' id='word_1_340' title='bbox 1764 3613 1840 3640; x_wconf 87' lang='lat' dir='ltr'><strong>om.</strong></span> <span class='ocrx_word' id='word_1_341' title='bbox 1863 3601 1911 3639; x_wconf 87' lang='lat' dir='ltr'><strong>A.</strong></span> 
     </span>
    </p>
   </div>
  </div>
 </body>
</html>
