2512 4034
700 269 1177 321 TRACTATUS
1222 270 1613 323 PAUPERIS
2060 288 2117 339 51

196 430 434 479 unquam
490 413 683 480 legitur
744 414 1023 480 equitasse,
1071 414 1166 464 sed
1231 413 1396 463 semel
1449 422 1659 465 tantum
1713 417 1946 467 asinasse
1998 427 2123 468 ante

196 501 499 566 passionem
549 502 842 567 Jerusalem
896 502 1242 566 ingressurus,
1291 499 1390 550 nisi
1445 500 1583 550 forte
1635 503 1687 550 in
1739 518 1894 552 cruce
1944 504 2120 554 clavos

195 586 442 636 habuerit
482 588 534 636 in
586 586 812 653 pedibus
864 603 963 652 pro
1012 585 1317 647 calcaribus,
1368 587 1420 635 in
1475 585 1722 637 manibus
1773 604 1869 652 pro
1921 589 2119 651 iaculis,

193 674 507 722 arundinem
549 689 646 739 pro
686 673 885 734 lancea,
927 688 1180 722 coronam
1223 672 1463 737 spineam
1506 690 1603 737 pro
1640 673 1807 738 galea.

308 758 456 825 (Cap.
509 759 594 820 iv.)
649 758 887 823 Precz‘pz'o
933 758 1177 825 firmiter
1207 757 1485 821 fratribus
1547 760 1811 808 universis
1873 770 1933 810 ut
1980 762 2121 811 nullo

195 846 344 895 modo
359 846 639 910 pecuniam
666 844 927 908 recipiant.
997 843 1119 893 Hoc
1146 845 1455 909 expositum
1484 843 1602 894 est.1
1671 843 1889 894 Deinde
1915 847 2121 912 inponit

192 931 445 980 ministris
471 937 526 980 et
552 928 861 979 custodibus
888 927 1301 979 sollicitudinem
1329 929 1560 994 pietatiS,
1589 930 1808 980 nomine
1835 932 2115 982 custodum

190 1016 326 1066 dans
354 1016 518 1067 etiam
547 1014 770 1082 intelligi
796 1015 1098 1079 gardianos.
1179 1014 1507 1065 Custodibus
1535 1016 1680 1065 enim
1722 1016 1997 1083 proprium
2036 1024 2118 1067 est

191 1102 412 1154 curam'2
474 1118 661 1168 gerere,
715 1100 1061 1151 infirmorum.
1165 1101 1538 1153 Samaritanus
1603 1103 1747 1151 enim
1811 1103 2117 1154 sauciatum

191 1189 422 1239 deduxit
461 1190 512 1238 in
551 1187 835 1239 stabulum.
915 1187 1287 1238 Samaritanus
1325 1204 1453 1237 vero
1491 1195 1674 1238 custos
1716 1189 2114 1255 interpretatur,

184 1277 279 1341 qui
318 1282 370 1325 et
409 1274 557 1324 illum
597 1275 794 1324 imitari
832 1281 1056 1334 tenetur,
1096 1273 1186 1340 qui
1226 1274 1367 1337 dicit,
1412 1275 1486 1326 lo,
1538 1288 1598 1338 17
1639 1274 1706 1341 [V.
1757 1275 1872 1341 12]:
1917 1276 2116 1343 “Quos

186 1361 382 1411 dedisti
434 1359 563 1411 mihi
614 1360 873 1410 custodivi
924 1368 978 1410 et
1030 1377 1192 1410 nemo
1232 1378 1303 1422 ex
1347 1362 1422 1410 eis
1463 1362 1621 1428 periit
1662 1361 1762 1411 nisi
1808 1361 1945 1411 filius
1998 1378 2114 1429 per-

184 1447 406 1497 ditionis
425 1446 464 1497 ’'.

295 1532 447 1599 (Cap.
475 1534 547 1599 v.)
588 1534 809 1583 Fratres
844 1533 1030 1598 quibus
1055 1534 1200 1583 dedit
1234 1533 1503 1583 Dominus
1518 1535 1767 1599 gratiam
1794 1534 2114 1598 laborandi?

183 1628 284 1671 etc,
367 1618 492 1669 Hoc
530 1636 688 1686 supra
728 1620 1038 1685 expositum
1078 1627 1160 1669 est
1199 1620 1458 1686 proximo
1499 1619 1742 1685 capituIO,
1778 1622 1829 1669 in
1869 1637 1975 1686 quo
2014 1638 2114 1671 nec

185 1707 402 1772 ponitur
428 1721 629 1756 nomen
670 1707 905 1771 precepti
932 1722 1028 1755 nec
1054 1721 1253 1756 nomen
1281 1705 1490 1756 consilii
1520 1707 1658 1755 sicut
1701 1723 1862 1772 supra
1903 1708 1957 1757 in
1997 1708 2113 1758 aliis

181 1791 448 1857 capitulis,
528 1791 617 1843 Sic
664 1793 853 1842 Petrus
899 1792 1177 1854 laboravit,
1209 1792 1283 1842 10.
1314 1807 1375 1842 21
1428 1793 1497 1859 [V.
1544 1793 1631 1859 3]4
1670 1794 1870 1854 dicens,
1899 1793 2111 1843 “Vado

181 1876 417 1944 piscari,'’
447 1878 537 1928 sed
566 1885 751 1927 tamen
779 1879 1138 1944 piscationem
1165 1878 1218 1927 in
1247 1878 1674 1943 predicationem
1706 1879 1894 1928 melius
1915 1880 1933 1908 5
1964 1896 2112 1930 com-

182 1965 429 2013 mutavit.

292 2048 442 2114 (Cap.
470 2050 560 2111 vi.)
593 2049 818 2099 Fratres
837 2048 980 2098 722'l22'l
992 2049 1094 2099 sibi
1114 2050 1464 2114 appropriant,
1490 2057 1588 2101 ete.
1660 2049 1721 2099 ln
1748 2050 1847 2099 hoc
1874 2051 2111 2116 capitulo

180 2136 399 2201 ponitur
435 2133 726 2200 explicatio
765 2134 1069 2184 artissime6
1106 2136 1453 2201 paupertatiS,
1480 2135 1686 2185 scilicet
1724 2136 2106 2201 mendicitatiS,

179 2221 247 2271 de
292 2238 396 2287 qua
439 2237 596 2287 supra
641 2220 880 2270 tactum⁷
923 2229 1013 2271 est.
1100 2220 1212 2271 Sed
1257 2221 1497 2286 nunquid
1543 2220 1643 2271 sibi
1690 2230 1866 2271 vestes
1911 2239 2109 2289 appro-

179 2307 402 2372 priant?
482 2306 623 2357 Dico
661 2307 808 2372 quod
845 2322 983 2370 non3
1023 2298 1194 2358 im'mo
1232 2308 1368 2357 sicut
1406 2307 1594 2358 alienis
1633 2316 1920 2358 vescuntur
1961 2309 2106 2373 cibis,

177 2395 252 2443 sic
302 2400 525 2443 utuntur
573 2394 906 2443 vestimentis
929 2412 940 2457 3
992 2411 1088 2444 nec
1136 2394 1240 2444 hoc
1299 2394 1548 2444 videatur
1597 2401 1932 2453 extraneum,
1982 2413 2103 2446 cum

178 2478 340 2529 vestis
389 2495 495 2545 qua
546 2478 716 2528 utitur
765 2495 947 2530 servus
998 2481 1064 2529 sit
1113 2480 1181 2529 de
1231 2479 1441 2545 peculio
1491 2480 1715 2542 domini,
1768 2488 1827 2530 ut
1876 2479 2107 2531 habetur

181 2565 421 2630 Digestis
461 2564 569 2630 [xv.
610 2565 640 2615 i.
682 2565 772 2632 25]
813 2566 876 2615 de
911 2566 1127 2631 peculz‘O,
1180 2566 1272 2626 i.e.,
1322 2567 1645 2617 vestimenti.
1724 2566 1952 2632 [Contra
2000 2566 2103 2618 hoc

173 2651 402 2701 obicitur
431 2652 572 2716 quod
599 2652 890 2702 secundum
919 2652 1032 2702 iura
1058 2652 1299 2703 humana
1325 2654 1378 2703 in
1407 2653 1508 2702 illis
1546 2670 1647 2719 que
1685 2661 1970 2705 transeunt
2009 2671 2106 2720 per

176 2754 348 2798 usum,
375 2753 502 2788 usus
530 2754 638 2787 non
666 2738 923 2788 dividitur
953 2756 984 2788 a
1010 2740 1364 2804 possessione,
1392 2741 1527 2790 sicut
1567 2741 1791 2805 pecunie
1830 2756 1951 2789 usus
1990 2757 2100 2791 non

172 2823 430 2874 dividitur
458 2841 489 2873 a
516 2824 759 2874 dominio
800 2841 898 2874 nec
934 2823 1034 2874 olei
1075 2841 1173 2875 nec
1210 2826 1321 2875 vini
1361 2834 1452 2876 aut
1492 2825 1760 2887 frumenti,
1787 2827 1932 2876 unde
1970 2826 2102 2877 talia

172 2925 297 2959 cum
336 2909 532 2960 dantur
571 2917 762 2960 mutuo
806 2917 1086 2961 transeunt
1138 2912 1189 2960 in
1244 2911 1544 2962 dominium
1598 2911 1910 2978 recipientis,
1988 2912 2097 2964 Sed

174 2996 364 3046 fratres
401 3002 621 3046 utuntur
658 2995 889 3062 pecunia
929 2996 1053 3062 quia
1090 3007 1281 3048 emunt
1320 3004 1375 3047 et
1413 2998 1671 3059 vendunt,
1698 2998 1843 3063 quod
1876 2997 2000 3048 licet
2027 3015 2098 3049 ex

172 3082 536 3133 declaratione
562 3082 769 3132 domini
800 3081 1042 3149 Gregorii
1068 3083 1324 3133 dicentis:
1357 3083 1416 3135 Si
1443 3084 1632 3134 fratres
1660 3083 1829 3134 velint
1854 3083 1953 3134 sibi
1982 3101 2094 3135 rem

171 3168 530 3219 necessariam
570 3183 761 3229 emere,
797 3174 900 3220 etc,
978 3167 1298 3234 ResponsiO,
1341 3184 1480 3219 non:
1523 3170 1667 3234 quod
1709 3168 1901 3219 dicitur
1940 3185 2094 3220 usum

429 3320 443 3343 1
459 3320 507 3358 F.
528 3318 634 3357 adds
656 3331 783 3369 supra
803 3317 1015 3358 solutione
1034 3318 1171 3370 quinti
1192 3319 1430 3370 argumenti
1451 3327 1494 3358 et
1516 3320 1634 3358 sexti.

425 3387 441 3411 2
456 3388 503 3426 F.
532 3386 781 3426 custodiam.

426 3455 443 3480 3
458 3456 504 3494 F.
526 3454 634 3493 adds
656 3453 723 3492 the
744 3454 880 3493 words
900 3455 946 3505 of
966 3454 1032 3493 the
1052 3454 1162 3493 Rule
1179 3453 1289 3505 from
1312 3454 1488 3493 fideliter
1512 3459 1551 3494 to
1572 3455 1836 3506 extinguant.

423 3524 437 3547 ⁴
457 3524 574 3562 Ioan.
599 3523 674 3562 Ev.
699 3522 778 3561 xxi.
801 3534 838 3571 3.
1276 3523 1292 3547 5
1310 3523 1465 3562 B.V.F.
1497 3523 1656 3562 utilius.

422 3590 438 3615 ‘3
455 3591 610 3630 B.V.F.
643 3589 862 3630 altissime.
1270 3589 1285 3614 ⁷
1302 3591 1352 3630 V.
1384 3598 1625 3630 tractatum.
