<?xml version="1.0" encoding="UTF-8"?>
<!DOCTYPE html PUBLIC "-//W3C//DTD XHTML 1.0 Transitional//EN"
    "http://www.w3.org/TR/xhtml1/DTD/xhtml1-transitional.dtd">
<html xmlns="http://www.w3.org/1999/xhtml" xml:lang="en" lang="en">
 <head>
  <title>
</title>
<meta http-equiv="Content-Type" content="text/html;charset=utf-8" />
  <meta name='ocr-system' content='tesseract 3.04.00' />
  <meta name='ocr-capabilities' content='ocr_page ocr_carea ocr_par ocr_line ocrx_word'/>
</head>
<body>
  <div class='ocr_page' id='page_1' title='image "./fratrisjohannisp00peck_0041.png"; bbox 0 0 2512 4034; ppageno 0'>
   <div class='ocr_carea' id='block_1_1' title="bbox 774 282 2176 347">
    <p class='ocr_par' dir='ltr' id='par_1_1' title="bbox 774 282 2176 347">
     <span class='ocr_line' id='line_1_1' title="bbox 774 282 2176 347; baseline -0.002 -11"><span class='ocrx_word' id='word_1_1' title='bbox 774 283 1250 337; x_wconf 81' lang='lat' dir='ltr'>TRACTATUS</span> <span class='ocrx_word' id='word_1_2' title='bbox 1294 282 1688 335; x_wconf 75' lang='lat' dir='ltr'>PAUPERIS</span> <span class='ocrx_word' id='word_1_3' title='bbox 2114 298 2141 333; x_wconf 86' lang='lat'>2</span> <span class='ocrx_word' id='word_1_4' title='bbox 2151 296 2176 347; x_wconf 80' lang='lat'>3</span> 
     </span>
    </p>
   </div>
   <div class='ocr_carea' id='block_1_2' title="bbox 267 426 2186 580">
    <p class='ocr_par' dir='ltr' id='par_1_2' title="bbox 267 426 2186 580">
     <span class='ocr_line' id='line_1_2' title="bbox 267 426 2186 497; baseline -0.003 -17"><span class='ocrx_word' id='word_1_5' title='bbox 267 428 402 481; x_wconf 84' lang='lat' dir='ltr'><strong>CAP.</strong></span> <span class='ocrx_word' id='word_1_6' title='bbox 435 430 701 484; x_wconf 75' lang='lat' dir='ltr'><strong>VIL—ln</strong></span> <span class='ocrx_word' id='word_1_7' title='bbox 725 448 822 497; x_wconf 78' lang='lat' dir='ltr'><strong>quo</strong></span> <span class='ocrx_word' id='word_1_8' title='bbox 848 432 1068 483; x_wconf 82' lang='lat' dir='ltr'><em>ostendit</em></span> <span class='ocrx_word' id='word_1_9' title='bbox 1100 430 1240 496; x_wconf 79' lang='lat' dir='ltr'><strong>quod</strong></span> <span class='ocrx_word' id='word_1_10' title='bbox 1271 426 1582 494; x_wconf 79' lang='lat' dir='ltr'><strong>evangelicis</strong></span> <span class='ocrx_word' id='word_1_11' title='bbox 1606 428 1928 493; x_wconf 70' lang='lat' dir='ltr'><em>pauperibus</em></span> <span class='ocrx_word' id='word_1_12' title='bbox 1953 426 2186 494; x_wconf 74' lang='lat' dir='ltr'><strong>congruit</strong></span> 
     </span>
     <span class='ocr_line' id='line_1_3' title="bbox 428 513 2031 580; baseline 0 -15"><span class='ocrx_word' id='word_1_13' title='bbox 428 517 598 568; x_wconf 70' lang='lat' dir='ltr'><strong>vivere</strong></span> <span class='ocrx_word' id='word_1_14' title='bbox 620 520 683 569; x_wconf 88' lang='lat' dir='ltr'><strong>de</strong></span> <span class='ocrx_word' id='word_1_15' title='bbox 708 517 1000 569; x_wconf 49' lang='lat' dir='ltr'><strong>elemosine&amp;</strong></span> <span class='ocrx_word' id='word_1_16' title='bbox 1023 526 1136 567; x_wconf 80' lang='lat' dir='ltr'><strong>tam</strong></span> <span class='ocrx_word' id='word_1_17' title='bbox 1153 515 1337 580; x_wconf 74' lang='lat' dir='ltr'><strong>gratis</strong></span> <span class='ocrx_word' id='word_1_18' title='bbox 1359 513 1503 563; x_wconf 79' lang='lat' dir='ltr'><strong>datis</strong></span> <span class='ocrx_word' id='word_1_19' title='bbox 1526 529 1688 578; x_wconf 78' lang='lat' dir='ltr'><strong>quam</strong></span> <span class='ocrx_word' id='word_1_20' title='bbox 1716 514 2031 565; x_wconf 75' lang='lat' dir='ltr'><strong>mendicatis.</strong></span> 
     </span>
    </p>
   </div>
   <div class='ocr_carea' id='block_1_3' title="bbox 1039 669 1423 733">
    <p class='ocr_par' dir='ltr' id='par_1_3' title="bbox 1039 669 1423 733">
     <span class='ocr_line' id='line_1_4' title="bbox 1039 669 1423 733; baseline -0.003 -14"><span class='ocrx_word' id='word_1_21' title='bbox 1039 669 1423 733; x_wconf 75' lang='lat' dir='ltr'><strong>(EXTRACTs)</strong></span> 
     </span>
    </p>
   </div>
   <div class='ocr_carea' id='block_1_4' title="bbox 265 778 2201 2911">
    <p class='ocr_par' dir='ltr' id='par_1_4' title="bbox 265 778 2201 2911">
     <span class='ocr_line' id='line_1_5' title="bbox 377 778 2192 847; baseline -0.002 -16"><span class='ocrx_word' id='word_1_22' title='bbox 377 780 456 847; x_wconf 86' lang='lat' dir='ltr'><strong>[T</strong></span> <span class='ocrx_word' id='word_1_23' title='bbox 453 781 517 831; x_wconf 75' lang='lat' dir='ltr'><strong>lze</strong></span> <span class='ocrx_word' id='word_1_24' title='bbox 554 782 750 832; x_wconf 73' lang='lat' dir='ltr'><strong>earlier</strong></span> <span class='ocrx_word' id='word_1_25' title='bbox 771 790 907 847; x_wconf 71' lang='lat' dir='ltr'><strong>part</strong></span> <span class='ocrx_word' id='word_1_26' title='bbox 928 781 1139 831; x_wconf 78' lang='lat' dir='ltr'><strong>consz’sts</strong></span> <span class='ocrx_word' id='word_1_27' title='bbox 1174 781 1239 845; x_wconf 91' lang='lat' dir='ltr'><strong>of</strong></span> <span class='ocrx_word' id='word_1_28' title='bbox 1260 780 1559 847; x_wconf 79' lang='lat' dir='ltr'><strong>quotatz&#39;ons</strong></span> <span class='ocrx_word' id='word_1_29' title='bbox 1580 781 1731 844; x_wconf 77' lang='lat' dir='ltr'><strong>from</strong></span> <span class='ocrx_word' id='word_1_30' title='bbox 1770 778 1854 830; x_wconf 83' lang='lat' dir='ltr'><strong>tlze</strong></span> <span class='ocrx_word' id='word_1_31' title='bbox 1889 778 2039 829; x_wconf 79' lang='lat' dir='ltr'><strong>Bz‘ble</strong></span> <span class='ocrx_word' id='word_1_32' title='bbox 2077 778 2192 827; x_wconf 75' lang='lat' dir='ltr'><strong>and</strong></span> 
     </span>
     <span class='ocr_line' id='line_1_6' title="bbox 266 863 2186 932; baseline -0.003 -15"><span class='ocrx_word' id='word_1_33' title='bbox 266 866 350 917; x_wconf 69' lang='lat' dir='ltr'><strong>tlte</strong></span> <span class='ocrx_word' id='word_1_34' title='bbox 370 868 603 931; x_wconf 71' lang='lat' dir='ltr'><strong>fathers.</strong></span> <span class='ocrx_word' id='word_1_35' title='bbox 687 868 735 917; x_wconf 82' lang='lat' dir='ltr'><em>T</em></span> <span class='ocrx_word' id='word_1_36' title='bbox 734 867 832 918; x_wconf 79' lang='lat' dir='ltr'><strong>lzen</strong></span> <span class='ocrx_word' id='word_1_37' title='bbox 854 866 1048 931; x_wconf 80' lang='lat' dir='ltr'><em>follow</em></span> <span class='ocrx_word' id='word_1_38' title='bbox 1067 867 1186 932; x_wconf 85' lang='lat' dir='ltr'><strong>five</strong></span> <span class='ocrx_word' id='word_1_39' title='bbox 1221 863 1574 932; x_wconf 76' lang='lat' dir='ltr'><strong>“examples’&#39;</strong></span> <span class='ocrx_word' id='word_1_40' title='bbox 1597 865 1639 932; x_wconf 90' lang='grc'><strong>.·]</strong></span> <span class='ocrx_word' id='word_1_41' title='bbox 1682 868 1756 929; x_wconf 90' lang='lat'><strong>(1)</strong></span> <span class='ocrx_word' id='word_1_42' title='bbox 1804 864 1943 916; x_wconf 84' lang='lat' dir='ltr'><strong>Item</strong></span> <span class='ocrx_word' id='word_1_43' title='bbox 1982 871 2186 914; x_wconf 81' lang='lat' dir='ltr'><strong>certum</strong></span> 
     </span>
     <span class='ocr_line' id='line_1_7' title="bbox 267 949 2190 1019; baseline -0.002 -17"><span class='ocrx_word' id='word_1_44' title='bbox 267 960 348 1002; x_wconf 91' lang='lat' dir='ltr'><strong>est</strong></span> <span class='ocrx_word' id='word_1_45' title='bbox 375 953 522 1019; x_wconf 90' lang='lat' dir='ltr'><strong>quod</strong></span> <span class='ocrx_word' id='word_1_46' title='bbox 548 959 764 1003; x_wconf 89' lang='lat' dir='ltr'><strong>sanctus</strong></span> <span class='ocrx_word' id='word_1_47' title='bbox 792 950 1024 1003; x_wconf 86' lang='lat' dir='ltr'><strong>Alexius</strong></span> <span class='ocrx_word' id='word_1_48' title='bbox 1050 950 1189 1002; x_wconf 87' lang='lat' dir='ltr'><strong>vixit</strong></span> <span class='ocrx_word' id='word_1_49' title='bbox 1228 958 1288 1002; x_wconf 92' lang='lat' dir='ltr'><strong>ut</strong></span> <span class='ocrx_word' id='word_1_50' title='bbox 1315 951 1595 1002; x_wconf 88' lang='lat' dir='ltr'><strong>mendicus</strong></span> <span class='ocrx_word' id='word_1_51' title='bbox 1634 949 1774 1001; x_wconf 85' lang='lat' dir='ltr'><strong>fere1</strong></span> <span class='ocrx_word' id='word_1_52' title='bbox 1804 955 1920 1001; x_wconf 88' lang='lat' dir='ltr'><strong>tota</strong></span> <span class='ocrx_word' id='word_1_53' title='bbox 1947 955 2190 1015; x_wconf 88' lang='lat' dir='ltr'><strong>tempore</strong></span> 
     </span>
     <span class='ocr_line' id='line_1_8' title="bbox 266 1035 2191 1104; baseline -0.002 -16"><span class='ocrx_word' id='word_1_54' title='bbox 266 1038 376 1089; x_wconf 90' lang='lat' dir='ltr'><strong>vite</strong></span> <span class='ocrx_word' id='word_1_55' title='bbox 401 1056 493 1089; x_wconf 91' lang='lat' dir='ltr'><strong>sue</strong></span> <span class='ocrx_word' id='word_1_56' title='bbox 517 1047 571 1090; x_wconf 93' lang='lat' dir='ltr'><strong>et</strong></span> <span class='ocrx_word' id='word_1_57' title='bbox 599 1047 838 1090; x_wconf 88' lang='lat' dir='ltr'><strong>mortuus</strong></span> <span class='ocrx_word' id='word_1_58' title='bbox 865 1045 946 1088; x_wconf 90' lang='lat' dir='ltr'><strong>est</strong></span> <span class='ocrx_word' id='word_1_59' title='bbox 973 1037 1261 1089; x_wconf 83' lang='lat' dir='ltr'><strong>mendicus,</strong></span> <span class='ocrx_word' id='word_1_60' title='bbox 1339 1038 1421 1104; x_wconf 86' lang='lat'><strong>(2)</strong></span> <span class='ocrx_word' id='word_1_61' title='bbox 1465 1038 1601 1087; x_wconf 85' lang='lat' dir='ltr'><strong>Item</strong></span> <span class='ocrx_word' id='word_1_62' title='bbox 1640 1035 1829 1087; x_wconf 87' lang='lat' dir='ltr'><strong>beatus</strong></span> <span class='ocrx_word' id='word_1_63' title='bbox 1869 1035 2191 1086; x_wconf 80' lang='lat' dir='ltr'><strong>Benedictus</strong></span> 
     </span>
     <span class='ocr_line' id='line_1_9' title="bbox 265 1120 2192 1190; baseline -0.003 -15"><span class='ocrx_word' id='word_1_64' title='bbox 265 1125 340 1175; x_wconf 91' lang='lat' dir='ltr'><strong>sic</strong></span> <span class='ocrx_word' id='word_1_65' title='bbox 366 1126 504 1175; x_wconf 87' lang='lat' dir='ltr'><strong>vixit</strong></span> <span class='ocrx_word' id='word_1_66' title='bbox 540 1141 634 1190; x_wconf 91' lang='lat' dir='ltr'><strong>per</strong></span> <span class='ocrx_word' id='word_1_67' title='bbox 661 1122 950 1175; x_wconf 87' lang='lat' dir='ltr'><strong>triennium</strong></span> <span class='ocrx_word' id='word_1_68' title='bbox 990 1141 1022 1174; x_wconf 89' lang='lat' dir='ltr'><strong>a</strong></span> <span class='ocrx_word' id='word_1_69' title='bbox 1062 1123 1313 1174; x_wconf 90' lang='lat' dir='ltr'><strong>Romano</strong></span> <span class='ocrx_word' id='word_1_70' title='bbox 1353 1122 1615 1174; x_wconf 88' lang='lat' dir='ltr'><strong>monacho</strong></span> <span class='ocrx_word' id='word_1_71' title='bbox 1652 1128 1995 1182; x_wconf 87' lang='lat' dir='ltr'><strong>sustentatus,</strong></span> <span class='ocrx_word' id='word_1_72' title='bbox 2021 1120 2192 1171; x_wconf 90' lang='lat' dir='ltr'><strong>donec</strong></span> 
     </span>
     <span class='ocr_line' id='line_1_10' title="bbox 267 1207 2190 1278; baseline -0.003 -17"><span class='ocrx_word' id='word_1_73' title='bbox 267 1227 365 1278; x_wconf 88' lang='lat' dir='ltr'><strong>pro</strong></span> <span class='ocrx_word' id='word_1_74' title='bbox 408 1211 613 1277; x_wconf 89' lang='lat' dir='ltr'><strong>collegii</strong></span> <span class='ocrx_word' id='word_1_75' title='bbox 657 1210 916 1276; x_wconf 89' lang='lat' dir='ltr'><strong>regimine</strong></span> <span class='ocrx_word' id='word_1_76' title='bbox 959 1209 1028 1260; x_wconf 90' lang='lat' dir='ltr'><strong>ad</strong></span> <span class='ocrx_word' id='word_1_77' title='bbox 1071 1209 1215 1260; x_wconf 88' lang='lat' dir='ltr'><strong>aliud</strong></span> <span class='ocrx_word' id='word_1_78' title='bbox 1260 1217 1345 1260; x_wconf 91' lang='lat' dir='ltr'><strong>est</strong></span> <span class='ocrx_word' id='word_1_79' title='bbox 1388 1214 1727 1276; x_wconf 88' lang='lat' dir='ltr'><strong>assumptus;</strong></span> <span class='ocrx_word' id='word_1_80' title='bbox 1775 1208 1829 1258; x_wconf 91' lang='lat' dir='ltr'><strong>in</strong></span> <span class='ocrx_word' id='word_1_81' title='bbox 1875 1224 1984 1274; x_wconf 88' lang='lat' dir='ltr'><strong>quo</strong></span> <span class='ocrx_word' id='word_1_82' title='bbox 2027 1207 2190 1257; x_wconf 88' lang='lat' dir='ltr'><strong>etiam</strong></span> 
     </span>
     <span class='ocr_line' id='line_1_11' title="bbox 266 1291 2192 1355; baseline -0.003 -9"><span class='ocrx_word' id='word_1_83' title='bbox 266 1297 506 1347; x_wconf 89' lang='lat' dir='ltr'><strong>laborare</strong></span> <span class='ocrx_word' id='word_1_84' title='bbox 548 1314 605 1347; x_wconf 87' lang='lat' dir='ltr'><strong>se</strong></span> <span class='ocrx_word' id='word_1_85' title='bbox 646 1312 868 1346; x_wconf 89' lang='lat' dir='ltr'><strong>cernens</strong></span> <span class='ocrx_word' id='word_1_86' title='bbox 909 1296 962 1346; x_wconf 91' lang='lat' dir='ltr'><strong>in</strong></span> <span class='ocrx_word' id='word_1_87' title='bbox 1011 1295 1216 1347; x_wconf 87' lang='lat' dir='ltr'><strong>irritum</strong></span> <span class='ocrx_word' id='word_1_88' title='bbox 1270 1294 1424 1346; x_wconf 90' lang='lat' dir='ltr'><strong>rediit</strong></span> <span class='ocrx_word' id='word_1_89' title='bbox 1476 1296 1528 1345; x_wconf 88' lang='lat' dir='ltr'><strong>in</strong></span> <span class='ocrx_word' id='word_1_90' title='bbox 1582 1294 1869 1355; x_wconf 85' lang='lat' dir='ltr'><strong>desertum,</strong></span> <span class='ocrx_word' id='word_1_91' title='bbox 1911 1293 2083 1344; x_wconf 89' lang='lat' dir='ltr'><strong>donec</strong></span> <span class='ocrx_word' id='word_1_92' title='bbox 2123 1291 2192 1341; x_wconf 90' lang='lat' dir='ltr'><strong>ad</strong></span> 
     </span>
     <span class='ocr_line' id='line_1_12' title="bbox 267 1377 2185 1448; baseline -0.002 -16"><span class='ocrx_word' id='word_1_93' title='bbox 267 1383 410 1433; x_wconf 90' lang='lat' dir='ltr'><strong>aliud</strong></span> <span class='ocrx_word' id='word_1_94' title='bbox 438 1382 821 1433; x_wconf 89' lang='lat' dir='ltr'><strong>monasterium</strong></span> <span class='ocrx_word' id='word_1_95' title='bbox 861 1382 1158 1448; x_wconf 90' lang='lat' dir='ltr'><strong>regendum</strong></span> <span class='ocrx_word' id='word_1_96' title='bbox 1187 1389 1580 1433; x_wconf 85' lang='lat' dir='ltr'><strong>assumeretur:</strong></span> <span class='ocrx_word' id='word_1_97' title='bbox 1633 1397 1706 1431; x_wconf 85' lang='lat' dir='ltr'><strong>ex</strong></span> <span class='ocrx_word' id='word_1_98' title='bbox 1734 1378 2031 1446; x_wconf 81' lang='lat' dir='ltr'><strong>Gregorio.2</strong></span> <span class='ocrx_word' id='word_1_99' title='bbox 2105 1377 2185 1442; x_wconf 80' lang='lat'><strong>(3)</strong></span> 
     </span>
     <span class='ocr_line' id='line_1_13' title="bbox 272 1463 2196 1535; baseline -0.004 -17"><span class='ocrx_word' id='word_1_100' title='bbox 272 1468 410 1519; x_wconf 89' lang='lat' dir='ltr'><strong>Item</strong></span> <span class='ocrx_word' id='word_1_101' title='bbox 430 1468 744 1535; x_wconf 87' lang='lat' dir='ltr'><strong>exemplum</strong></span> <span class='ocrx_word' id='word_1_102' title='bbox 772 1467 1136 1519; x_wconf 80' lang='lat' dir='ltr'><strong>mendicitatis</strong></span> <span class='ocrx_word' id='word_1_103' title='bbox 1163 1475 1245 1519; x_wconf 91' lang='lat' dir='ltr'><strong>est</strong></span> <span class='ocrx_word' id='word_1_104' title='bbox 1265 1468 1321 1518; x_wconf 91' lang='lat' dir='ltr'><strong>in</strong></span> <span class='ocrx_word' id='word_1_105' title='bbox 1342 1466 1504 1518; x_wconf 89' lang='lat' dir='ltr'><strong>beato</strong></span> <span class='ocrx_word' id='word_1_106' title='bbox 1530 1465 1839 1525; x_wconf 89' lang='lat' dir='ltr'><strong>Dominico,</strong></span> <span class='ocrx_word' id='word_1_107' title='bbox 1864 1465 1954 1530; x_wconf 90' lang='lat' dir='ltr'><strong>qui</strong></span> <span class='ocrx_word' id='word_1_108' title='bbox 1975 1470 2033 1513; x_wconf 91' lang='lat' dir='ltr'><strong>ut</strong></span> <span class='ocrx_word' id='word_1_109' title='bbox 2059 1463 2196 1512; x_wconf 89' lang='lat' dir='ltr'><strong>hanc</strong></span> 
     </span>
     <span class='ocr_line' id='line_1_14' title="bbox 266 1548 2197 1621; baseline -0.003 -17"><span class='ocrx_word' id='word_1_110' title='bbox 266 1554 495 1605; x_wconf 87' lang='lat' dir='ltr'><strong>salvaret</strong></span> <span class='ocrx_word' id='word_1_111' title='bbox 533 1555 856 1621; x_wconf 81' lang='lat' dir='ltr'><strong>imprecatus</strong></span> <span class='ocrx_word' id='word_1_112' title='bbox 893 1563 974 1605; x_wconf 92' lang='lat' dir='ltr'><strong>est</strong></span> <span class='ocrx_word' id='word_1_113' title='bbox 1019 1554 1073 1604; x_wconf 91' lang='lat' dir='ltr'><strong>in</strong></span> <span class='ocrx_word' id='word_1_114' title='bbox 1119 1561 1295 1604; x_wconf 90' lang='lat' dir='ltr'><strong>morte</strong></span> <span class='ocrx_word' id='word_1_115' title='bbox 1337 1570 1432 1605; x_wconf 91' lang='lat' dir='ltr'><strong>sua</strong></span> <span class='ocrx_word' id='word_1_116' title='bbox 1471 1552 1904 1604; x_wconf 85' lang='lat' dir='ltr'><strong>maledictionem</strong></span> <span class='ocrx_word' id='word_1_117' title='bbox 1944 1548 2197 1601; x_wconf 90' lang='lat' dir='ltr'><strong>omnibus</strong></span> 
     </span>
     <span class='ocr_line' id='line_1_15' title="bbox 266 1636 2196 1707; baseline -0.004 -16"><span class='ocrx_word' id='word_1_118' title='bbox 266 1642 358 1707; x_wconf 90' lang='lat' dir='ltr'><strong>qui</strong></span> <span class='ocrx_word' id='word_1_119' title='bbox 377 1641 430 1691; x_wconf 88' lang='lat' dir='ltr'><strong>in</strong></span> <span class='ocrx_word' id='word_1_120' title='bbox 448 1638 691 1690; x_wconf 88' lang='lat' dir='ltr'><strong>ordinem</strong></span> <span class='ocrx_word' id='word_1_121' title='bbox 709 1654 864 1691; x_wconf 88' lang='lat' dir='ltr'><strong>suum</strong></span> <span class='ocrx_word' id='word_1_122' title='bbox 888 1640 1251 1706; x_wconf 89' lang='lat' dir='ltr'><strong>possessiones</strong></span> <span class='ocrx_word' id='word_1_123' title='bbox 1272 1638 1525 1689; x_wconf 88' lang='lat' dir='ltr'><strong>inducere</strong></span> <span class='ocrx_word' id='word_1_124' title='bbox 1544 1644 1895 1698; x_wconf 89' lang='lat' dir='ltr'><strong>conarentur;</strong></span> <span class='ocrx_word' id='word_1_125' title='bbox 1929 1643 1983 1686; x_wconf 92' lang='lat' dir='ltr'><strong>et</strong></span> <span class='ocrx_word' id='word_1_126' title='bbox 2003 1636 2196 1685; x_wconf 89' lang='lat' dir='ltr'><strong>mirum</strong></span> 
     </span>
     <span class='ocr_line' id='line_1_16' title="bbox 267 1723 2197 1792; baseline -0.003 -17"><span class='ocrx_word' id='word_1_127' title='bbox 267 1733 350 1776; x_wconf 91' lang='lat' dir='ltr'><strong>est</strong></span> <span class='ocrx_word' id='word_1_128' title='bbox 377 1726 419 1776; x_wconf 88' lang='lat' dir='ltr'><strong>si</strong></span> <span class='ocrx_word' id='word_1_129' title='bbox 447 1726 539 1792; x_wconf 92' lang='lat' dir='ltr'><strong>qui</strong></span> <span class='ocrx_word' id='word_1_130' title='bbox 566 1733 680 1776; x_wconf 91' lang='lat' dir='ltr'><strong>tota</strong></span> <span class='ocrx_word' id='word_1_131' title='bbox 700 1726 810 1776; x_wconf 89' lang='lat' dir='ltr'><strong>vita</strong></span> <span class='ocrx_word' id='word_1_132' title='bbox 830 1742 925 1776; x_wconf 89' lang='lat' dir='ltr'><strong>sua</strong></span> <span class='ocrx_word' id='word_1_133' title='bbox 954 1725 1022 1777; x_wconf 88' lang='lat' dir='ltr'><strong>ad</strong></span> <span class='ocrx_word' id='word_1_134' title='bbox 1044 1726 1432 1792; x_wconf 84' lang='lat' dir='ltr'><strong>perfectionem</strong></span> <span class='ocrx_word' id='word_1_135' title='bbox 1459 1732 1776 1786; x_wconf 83' lang='lat' dir='ltr'><strong>cucurrerat,</strong></span> <span class='ocrx_word' id='word_1_136' title='bbox 1800 1723 1856 1773; x_wconf 92' lang='lat' dir='ltr'><strong>in</strong></span> <span class='ocrx_word' id='word_1_137' title='bbox 1880 1730 2053 1773; x_wconf 88' lang='lat' dir='ltr'><strong>morte</strong></span> <span class='ocrx_word' id='word_1_138' title='bbox 2079 1738 2197 1786; x_wconf 88' lang='lat' dir='ltr'><strong>per-</strong></span> 
     </span>
     <span class='ocr_line' id='line_1_17' title="bbox 268 1808 2198 1876; baseline -0.003 -15"><span class='ocrx_word' id='word_1_139' title='bbox 268 1811 560 1862; x_wconf 86' lang='lat' dir='ltr'><strong>fectionem</strong></span> <span class='ocrx_word' id='word_1_140' title='bbox 599 1810 807 1862; x_wconf 88' lang='lat' dir='ltr'><strong>abicere</strong></span> <span class='ocrx_word' id='word_1_141' title='bbox 844 1810 1076 1875; x_wconf 87' lang='lat' dir='ltr'><strong>volebat,</strong></span> <span class='ocrx_word' id='word_1_142' title='bbox 1115 1812 1253 1863; x_wconf 88' lang='lat' dir='ltr'><strong>sicut</strong></span> <span class='ocrx_word' id='word_1_143' title='bbox 1290 1810 1597 1862; x_wconf 80' lang='lat' dir='ltr'><strong>fabulantur</strong></span> <span class='ocrx_word' id='word_1_144' title='bbox 1641 1808 1714 1861; x_wconf 91' lang='lat' dir='ltr'><strong>illi</strong></span> <span class='ocrx_word' id='word_1_145' title='bbox 1760 1823 2003 1876; x_wconf 84' lang='lat' dir='ltr'><strong>quorum,</strong></span> <span class='ocrx_word' id='word_1_146' title='bbox 2044 1808 2198 1857; x_wconf 84' lang='lat' dir='ltr'><strong>iuxta</strong></span> 
     </span>
     <span class='ocr_line' id='line_1_18' title="bbox 265 1894 2201 1965; baseline -0.003 -17"><span class='ocrx_word' id='word_1_147' title='bbox 265 1897 621 1963; x_wconf 88' lang='lat' dir='ltr'><strong>Jeronimum,</strong></span> <span class='ocrx_word' id='word_1_148' title='bbox 644 1897 856 1965; x_wconf 87' lang='lat' dir='ltr'><strong>pinguis</strong></span> <span class='ocrx_word' id='word_1_149' title='bbox 871 1904 1056 1949; x_wconf 89' lang='lat' dir='ltr'><strong>venter</strong></span> <span class='ocrx_word' id='word_1_150' title='bbox 1072 1898 1091 1928; x_wconf 76' lang='lat'><strong>3</strong></span> <span class='ocrx_word' id='word_1_151' title='bbox 1110 1897 1283 1964; x_wconf 82' lang='lat' dir='ltr'><strong>gignit</strong></span> <span class='ocrx_word' id='word_1_152' title='bbox 1301 1906 1521 1949; x_wconf 92' lang='lat' dir='ltr'><strong>tenuem</strong></span> <span class='ocrx_word' id='word_1_153' title='bbox 1538 1898 1801 1965; x_wconf 88' lang='lat' dir='ltr'><strong>spiritum,</strong></span> <span class='ocrx_word' id='word_1_154' title='bbox 1819 1894 1947 1946; x_wconf 92' lang='lat' dir='ltr'><strong>dum</strong></span> <span class='ocrx_word' id='word_1_155' title='bbox 1967 1901 2201 1944; x_wconf 89' lang='lat' dir='ltr'><strong>astruere</strong></span> 
     </span>
     <span class='ocr_line' id='line_1_19' title="bbox 268 1980 2200 2051; baseline -0.003 -16"><span class='ocrx_word' id='word_1_156' title='bbox 268 1991 581 2051; x_wconf 89' lang='lat' dir='ltr'><strong>presumunt</strong></span> <span class='ocrx_word' id='word_1_157' title='bbox 617 1983 1026 2035; x_wconf 85' lang='lat' dir='ltr'><strong>mendicitatem</strong></span> <span class='ocrx_word' id='word_1_158' title='bbox 1059 1984 1319 2035; x_wconf 89' lang='lat' dir='ltr'><strong>inferioris</strong></span> <span class='ocrx_word' id='word_1_159' title='bbox 1356 1984 1529 2035; x_wconf 91' lang='lat' dir='ltr'><strong>meriti</strong></span> <span class='ocrx_word' id='word_1_160' title='bbox 1569 1983 1718 2034; x_wconf 80' lang='lat' dir='ltr'><strong>esse4</strong></span> <span class='ocrx_word' id='word_1_161' title='bbox 1755 1981 2042 2049; x_wconf 88' lang='lat' dir='ltr'><strong>opulentia.</strong></span> <span class='ocrx_word' id='word_1_162' title='bbox 2125 1980 2200 2042; x_wconf 85' lang='lat'><strong>(4)</strong></span> 
     </span>
     <span class='ocr_line' id='line_1_20' title="bbox 271 2067 2199 2138; baseline -0.004 -16"><span class='ocrx_word' id='word_1_163' title='bbox 271 2071 412 2122; x_wconf 91' lang='lat' dir='ltr'><strong>Item</strong></span> <span class='ocrx_word' id='word_1_164' title='bbox 452 2072 616 2122; x_wconf 90' lang='lat' dir='ltr'><strong>etiam</strong></span> <span class='ocrx_word' id='word_1_165' title='bbox 656 2071 759 2121; x_wconf 92' lang='lat' dir='ltr'><strong>hoc</strong></span> <span class='ocrx_word' id='word_1_166' title='bbox 798 2070 1060 2137; x_wconf 86' lang='lat' dir='ltr'><strong>probatur</strong></span> <span class='ocrx_word' id='word_1_167' title='bbox 1098 2071 1355 2138; x_wconf 85' lang='lat' dir='ltr'><strong>exemplo</strong></span> <span class='ocrx_word' id='word_1_168' title='bbox 1393 2071 1539 2121; x_wconf 89' lang='lat' dir='ltr'><strong>beati</strong></span> <span class='ocrx_word' id='word_1_169' title='bbox 1586 2069 1632 2120; x_wconf 88' lang='lat' dir='ltr'>F</span> <span class='ocrx_word' id='word_1_170' title='bbox 1635 2067 1856 2119; x_wconf 89' lang='lat' dir='ltr'><strong>rancisci</strong></span> <span class='ocrx_word' id='word_1_171' title='bbox 1900 2067 2104 2133; x_wconf 87' lang='lat' dir='ltr'><strong>pariter</strong></span> <span class='ocrx_word' id='word_1_172' title='bbox 2145 2071 2199 2114; x_wconf 92' lang='lat' dir='ltr'><strong>et</strong></span> 
     </span>
     <span class='ocr_line' id='line_1_21' title="bbox 267 2154 2199 2225; baseline -0.005 -17"><span class='ocrx_word' id='word_1_173' title='bbox 267 2158 532 2218; x_wconf 86' lang='lat' dir='ltr'><strong>doctrina,</strong></span> <span class='ocrx_word' id='word_1_174' title='bbox 557 2163 746 2225; x_wconf 89' lang='lat' dir='ltr'><strong>utpote</strong></span> <span class='ocrx_word' id='word_1_175' title='bbox 783 2156 1011 2209; x_wconf 91' lang='lat' dir='ltr'><strong>domino</strong></span> <span class='ocrx_word' id='word_1_176' title='bbox 1048 2175 1192 2224; x_wconf 90' lang='lat' dir='ltr'><strong>papa</strong></span> <span class='ocrx_word' id='word_1_177' title='bbox 1228 2157 1333 2208; x_wconf 91' lang='lat' dir='ltr'><strong>hoc</strong></span> <span class='ocrx_word' id='word_1_178' title='bbox 1371 2158 1548 2224; x_wconf 89' lang='lat' dir='ltr'><strong>ipsum</strong></span> <span class='ocrx_word' id='word_1_179' title='bbox 1589 2154 1956 2211; x_wconf 85' lang='lat' dir='ltr'><strong>confirmante,</strong></span> <span class='ocrx_word' id='word_1_180' title='bbox 1982 2158 2038 2201; x_wconf 90' lang='lat' dir='ltr'><strong>et</strong></span> <span class='ocrx_word' id='word_1_181' title='bbox 2075 2166 2199 2216; x_wconf 86' lang='lat' dir='ltr'><strong>rege</strong></span> 
     </span>
     <span class='ocr_line' id='line_1_22' title="bbox 266 2236 2195 2310; baseline -0.004 -17"><span class='ocrx_word' id='word_1_182' title='bbox 266 2244 435 2309; x_wconf 87' lang='lat' dir='ltr'><strong>glorie</strong></span> <span class='ocrx_word' id='word_1_183' title='bbox 456 2244 718 2310; x_wconf 85' lang='lat' dir='ltr'><strong>passionis</strong></span> <span class='ocrx_word' id='word_1_184' title='bbox 737 2259 832 2293; x_wconf 88' lang='lat' dir='ltr'><strong>sue</strong></span> <span class='ocrx_word' id='word_1_185' title='bbox 851 2243 1137 2309; x_wconf 85' lang='lat' dir='ltr'><strong>signaculis</strong></span> <span class='ocrx_word' id='word_1_186' title='bbox 1157 2250 1513 2302; x_wconf 87' lang='lat' dir='ltr'><strong>contestante,</strong></span> <span class='ocrx_word' id='word_1_187' title='bbox 1533 2249 1590 2292; x_wconf 90' lang='lat' dir='ltr'><strong>et</strong></span> <span class='ocrx_word' id='word_1_188' title='bbox 1608 2258 1665 2291; x_wconf 91' lang='lat' dir='ltr'><strong>se</strong></span> <span class='ocrx_word' id='word_1_189' title='bbox 1685 2241 1860 2306; x_wconf 89' lang='lat' dir='ltr'><strong>ipsum</strong></span> <span class='ocrx_word' id='word_1_190' title='bbox 1884 2236 2195 2288; x_wconf 83' lang='lat' dir='ltr'><strong>crucifixum</strong></span> 
     </span>
     <span class='ocr_line' id='line_1_23' title="bbox 271 2322 2199 2396; baseline -0.005 -16"><span class='ocrx_word' id='word_1_191' title='bbox 271 2332 442 2396; x_wconf 80' lang='lat' dir='ltr'><strong>pene5</strong></span> <span class='ocrx_word' id='word_1_192' title='bbox 480 2347 512 2380; x_wconf 89' lang='lat' dir='ltr'><strong>a</strong></span> <span class='ocrx_word' id='word_1_193' title='bbox 551 2329 814 2380; x_wconf 88' lang='lat' dir='ltr'><strong>memoria</strong></span> <span class='ocrx_word' id='word_1_194' title='bbox 848 2329 1132 2381; x_wconf 90' lang='lat' dir='ltr'><strong>hominurn</strong></span> <span class='ocrx_word' id='word_1_195' title='bbox 1171 2329 1414 2396; x_wconf 88' lang='lat' dir='ltr'><strong>elapsum</strong></span> <span class='ocrx_word' id='word_1_196' title='bbox 1461 2329 1515 2379; x_wconf 90' lang='lat' dir='ltr'><strong>in</strong></span> <span class='ocrx_word' id='word_1_197' title='bbox 1553 2325 1838 2378; x_wconf 88' lang='lat' dir='ltr'><strong>Francisco</strong></span> <span class='ocrx_word' id='word_1_198' title='bbox 1881 2323 2033 2391; x_wconf 88' lang='lat' dir='ltr'><strong>quasi</strong></span> <span class='ocrx_word' id='word_1_199' title='bbox 2080 2322 2199 2371; x_wconf 81' lang='lat' dir='ltr'><strong>viva</strong></span> 
     </span>
     <span class='ocr_line' id='line_1_24' title="bbox 271 2407 2200 2483; baseline -0.005 -16"><span class='ocrx_word' id='word_1_200' title='bbox 271 2416 527 2482; x_wconf 89' lang='lat' dir='ltr'><strong>ymagine</strong></span> <span class='ocrx_word' id='word_1_201' title='bbox 553 2422 968 2483; x_wconf 87' lang='lat' dir='ltr'><strong>representante.</strong></span> <span class='ocrx_word' id='word_1_202' title='bbox 1039 2419 1109 2480; x_wconf 83' lang='lat'><strong>(5)</strong></span> <span class='ocrx_word' id='word_1_203' title='bbox 1158 2416 1297 2466; x_wconf 87' lang='lat' dir='ltr'><strong>Item</strong></span> <span class='ocrx_word' id='word_1_204' title='bbox 1320 2416 1424 2466; x_wconf 91' lang='lat' dir='ltr'><strong>hoc</strong></span> <span class='ocrx_word' id='word_1_205' title='bbox 1452 2414 1597 2465; x_wconf 88' lang='lat' dir='ltr'><strong>idem</strong></span> <span class='ocrx_word' id='word_1_206' title='bbox 1621 2418 1770 2480; x_wconf 88' lang='lat' dir='ltr'><strong>patet</strong></span> <span class='ocrx_word' id='word_1_207' title='bbox 1796 2413 1850 2462; x_wconf 91' lang='lat' dir='ltr'><strong>in</strong></span> <span class='ocrx_word' id='word_1_208' title='bbox 1871 2411 1984 2461; x_wconf 87' lang='lat' dir='ltr'><strong>vita</strong></span> <span class='ocrx_word' id='word_1_209' title='bbox 2010 2407 2165 2459; x_wconf 91' lang='lat' dir='ltr'><strong>beate</strong></span> <span class='ocrx_word' id='word_1_210' title='bbox 2182 2407 2200 2436; x_wconf 73' lang='lat'>⁶</span> 
     </span>
     <span class='ocr_line' id='line_1_25' title="bbox 272 2497 2199 2567; baseline -0.005 -15"><span class='ocrx_word' id='word_1_211' title='bbox 272 2501 430 2552; x_wconf 87' lang='lat' dir='ltr'><strong>Clare</strong></span> <span class='ocrx_word' id='word_1_212' title='bbox 453 2502 699 2567; x_wconf 87' lang='lat' dir='ltr'><strong>virginis:</strong></span> <span class='ocrx_word' id='word_1_213' title='bbox 742 2508 926 2552; x_wconf 89' lang='lat' dir='ltr'><strong>sancte</strong></span> <span class='ocrx_word' id='word_1_214' title='bbox 964 2503 1110 2552; x_wconf 91' lang='lat' dir='ltr'><strong>enim</strong></span> <span class='ocrx_word' id='word_1_215' title='bbox 1149 2501 1530 2553; x_wconf 91' lang='lat' dir='ltr'><strong>recordationis</strong></span> <span class='ocrx_word' id='word_1_216' title='bbox 1570 2517 1714 2566; x_wconf 85' lang='lat' dir='ltr'><strong>papa</strong></span> <span class='ocrx_word' id='word_1_217' title='bbox 1755 2497 2016 2563; x_wconf 89' lang='lat' dir='ltr'><strong>Gregorio</strong></span> <span class='ocrx_word' id='word_1_218' title='bbox 2055 2510 2199 2544; x_wconf 89' lang='lat' dir='ltr'><strong>nono</strong></span> 
     </span>
     <span class='ocr_line' id='line_1_26' title="bbox 271 2582 2198 2654; baseline -0.005 -16"><span class='ocrx_word' id='word_1_219' title='bbox 271 2588 635 2654; x_wconf 89' lang='lat' dir='ltr'><strong>possessiones</strong></span> <span class='ocrx_word' id='word_1_220' title='bbox 662 2604 758 2654; x_wconf 92' lang='lat' dir='ltr'><strong>pro</strong></span> <span class='ocrx_word' id='word_1_221' title='bbox 785 2587 1090 2637; x_wconf 87' lang='lat' dir='ltr'><strong>monasterii</strong></span> <span class='ocrx_word' id='word_1_222' title='bbox 1115 2585 1297 2637; x_wconf 90' lang='lat' dir='ltr'><strong>usibus</strong></span> <span class='ocrx_word' id='word_1_223' title='bbox 1324 2588 1485 2653; x_wconf 90' lang='lat' dir='ltr'><strong>recipi</strong></span> <span class='ocrx_word' id='word_1_224' title='bbox 1511 2585 1785 2646; x_wconf 84' lang='lat' dir='ltr'><strong>suadente,</strong></span> <span class='ocrx_word' id='word_1_225' title='bbox 1806 2582 1893 2633; x_wconf 88' lang='lat' dir='ltr'><strong>illa</strong></span> <span class='ocrx_word' id='word_1_226' title='bbox 1920 2595 2198 2647; x_wconf 88' lang='lat' dir='ltr'><strong>nunquam</strong></span> 
     </span>
     <span class='ocr_line' id='line_1_27' title="bbox 273 2671 2200 2740; baseline -0.005 -17"><span class='ocrx_word' id='word_1_227' title='bbox 273 2672 343 2723; x_wconf 90' lang='lat' dir='ltr'><strong>ad</strong></span> <span class='ocrx_word' id='word_1_228' title='bbox 380 2671 482 2724; x_wconf 87' lang='lat' dir='ltr'><strong>hoc</strong></span> <span class='ocrx_word' id='word_1_229' title='bbox 520 2673 695 2740; x_wconf 92' lang='lat' dir='ltr'><strong>potuit</strong></span> <span class='ocrx_word' id='word_1_230' title='bbox 733 2672 1001 2732; x_wconf 85' lang='lat' dir='ltr'><strong>inclinare,</strong></span> <span class='ocrx_word' id='word_1_231' title='bbox 1042 2673 1189 2723; x_wconf 89' lang='lat' dir='ltr'><strong>cuius</strong></span> <span class='ocrx_word' id='word_1_232' title='bbox 1228 2673 1568 2723; x_wconf 89' lang='lat' dir='ltr'><strong>sanctitatem</strong></span> <span class='ocrx_word' id='word_1_233' title='bbox 1610 2672 1664 2720; x_wconf 90' lang='lat' dir='ltr'><strong>in</strong></span> <span class='ocrx_word' id='word_1_234' title='bbox 1703 2672 1814 2720; x_wconf 91' lang='lat' dir='ltr'><strong>vita</strong></span> <span class='ocrx_word' id='word_1_235' title='bbox 1852 2684 1947 2717; x_wconf 87' lang='lat' dir='ltr'><strong>sua</strong></span> <span class='ocrx_word' id='word_1_236' title='bbox 1985 2676 2037 2716; x_wconf 90' lang='lat' dir='ltr'><strong>et</strong></span> <span class='ocrx_word' id='word_1_237' title='bbox 2079 2671 2200 2732; x_wconf 89' lang='lat' dir='ltr'><strong>post</strong></span> 
     </span>
     <span class='ocr_line' id='line_1_28' title="bbox 277 2752 2192 2825; baseline -0.005 -16"><span class='ocrx_word' id='word_1_238' title='bbox 277 2767 508 2809; x_wconf 87' lang='lat' dir='ltr'><strong>mortem</strong></span> <span class='ocrx_word' id='word_1_239' title='bbox 538 2759 689 2809; x_wconf 91' lang='lat' dir='ltr'><strong>Deus</strong></span> <span class='ocrx_word' id='word_1_240' title='bbox 715 2758 811 2808; x_wconf 91' lang='lat' dir='ltr'><strong>celi</strong></span> <span class='ocrx_word' id='word_1_241' title='bbox 839 2759 1019 2809; x_wconf 89' lang='lat' dir='ltr'><strong>multis</strong></span> <span class='ocrx_word' id='word_1_242' title='bbox 1046 2757 1338 2825; x_wconf 88' lang='lat' dir='ltr'><strong>perpulcris</strong></span> <span class='ocrx_word' id='word_1_243' title='bbox 1367 2758 1632 2808; x_wconf 89' lang='lat' dir='ltr'><strong>miraculis</strong></span> <span class='ocrx_word' id='word_1_244' title='bbox 1659 2755 1969 2806; x_wconf 86' lang='lat' dir='ltr'><strong>declaravit.</strong></span> <span class='ocrx_word' id='word_1_245' title='bbox 2054 2752 2192 2801; x_wconf 89' lang='lat' dir='ltr'><strong>Item</strong></span> 
     </span>
     <span class='ocr_line' id='line_1_29' title="bbox 274 2844 1419 2911; baseline -0.001 -16"><span class='ocrx_word' id='word_1_246' title='bbox 274 2844 376 2895; x_wconf 91' lang='lat' dir='ltr'><strong>hoc</strong></span> <span class='ocrx_word' id='word_1_247' title='bbox 402 2845 547 2895; x_wconf 90' lang='lat' dir='ltr'><strong>idem</strong></span> <span class='ocrx_word' id='word_1_248' title='bbox 576 2844 832 2911; x_wconf 88' lang='lat' dir='ltr'><strong>probatur</strong></span> <span class='ocrx_word' id='word_1_249' title='bbox 860 2860 953 2910; x_wconf 91' lang='lat' dir='ltr'><strong>per</strong></span> <span class='ocrx_word' id='word_1_250' title='bbox 979 2844 1263 2895; x_wconf 86' lang='lat' dir='ltr'><strong>rationem.</strong></span> <span class='ocrx_word' id='word_1_251' title='bbox 1304 2885 1313 2895; x_wconf 90' lang='lat'>.</span> <span class='ocrx_word' id='word_1_252' title='bbox 1357 2885 1366 2894; x_wconf 92' lang='lat'><strong>.</strong></span> <span class='ocrx_word' id='word_1_253' title='bbox 1409 2884 1419 2894; x_wconf 89' lang='lat'><em>.</em></span> 
     </span>
    </p>
   </div>
   <div class='ocr_carea' id='block_1_5' title="bbox 351 3005 2128 3148">
    <p class='ocr_par' dir='ltr' id='par_1_5' title="bbox 351 3005 2128 3148">
     <span class='ocr_line' id='line_1_30' title="bbox 351 3005 2128 3077; baseline -0.006 -14"><span class='ocrx_word' id='word_1_254' title='bbox 351 3011 487 3064; x_wconf 87' lang='lat' dir='ltr'><strong>CAP.</strong></span> <span class='ocrx_word' id='word_1_255' title='bbox 519 3011 825 3063; x_wconf 60' lang='lat' dir='ltr'><strong>Vin—ln</strong></span> <span class='ocrx_word' id='word_1_256' title='bbox 851 3028 948 3076; x_wconf 74' lang='lat' dir='ltr'><strong>quo</strong></span> <span class='ocrx_word' id='word_1_257' title='bbox 974 3012 1176 3077; x_wconf 73' lang='lat' dir='ltr'><strong>repellit</strong></span> <span class='ocrx_word' id='word_1_258' title='bbox 1198 3029 1258 3061; x_wconf 81' lang='lat' dir='ltr'><strong>ea</strong></span> <span class='ocrx_word' id='word_1_259' title='bbox 1284 3029 1381 3077; x_wconf 76' lang='lat' dir='ltr'><strong>que</strong></span> <span class='ocrx_word' id='word_1_260' title='bbox 1404 3011 1711 3076; x_wconf 67' lang='lat' dir='ltr'><strong>allegantur</strong></span> <span class='ocrx_word' id='word_1_261' title='bbox 1732 3009 1785 3057; x_wconf 82' lang='lat'>2&#39;72</span> <span class='ocrx_word' id='word_1_262' title='bbox 1811 3005 2128 3070; x_wconf 75' lang='lat' dir='ltr'><strong>vituperium</strong></span> 
     </span>
     <span class='ocr_line' id='line_1_31' title="bbox 1060 3098 1421 3148; baseline -0.008 0"><span class='ocrx_word' id='word_1_263' title='bbox 1060 3098 1421 3148; x_wconf 57' lang='lat' dir='ltr'><strong>772endz&#39;cz&#39;tat2s.</strong></span> 
     </span>
    </p>
   </div>
   <div class='ocr_carea' id='block_1_6' title="bbox 280 3241 2208 3508">
    <p class='ocr_par' dir='ltr' id='par_1_6' title="bbox 280 3241 2208 3508">
     <span class='ocr_line' id='line_1_32' title="bbox 1038 3241 1435 3308; baseline -0.003 -16"><span class='ocrx_word' id='word_1_264' title='bbox 1038 3241 1435 3308; x_wconf 63' lang='lat' dir='ltr'>(EXTRACTS)</span> 
     </span>
     <span class='ocr_line' id='line_1_33' title="bbox 392 3347 2208 3422; baseline -0.007 -14"><span class='ocrx_word' id='word_1_265' title='bbox 392 3356 595 3408; x_wconf 87' lang='lat' dir='ltr'><strong>Contra</strong></span> <span class='ocrx_word' id='word_1_266' title='bbox 639 3355 804 3422; x_wconf 90' lang='lat' dir='ltr'><strong>igitur</strong></span> <span class='ocrx_word' id='word_1_267' title='bbox 849 3355 1252 3407; x_wconf 85' lang='lat' dir='ltr'><strong>mendicitatem</strong></span> <span class='ocrx_word' id='word_1_268' title='bbox 1298 3354 1544 3404; x_wconf 90' lang='lat' dir='ltr'><strong>homines</strong></span> <span class='ocrx_word' id='word_1_269' title='bbox 1587 3351 1668 3402; x_wconf 84' lang='lat' dir='ltr'><strong>vel</strong></span> <span class='ocrx_word' id='word_1_270' title='bbox 1714 3350 1939 3400; x_wconf 89' lang='lat' dir='ltr'><strong>naturali</strong></span> <span class='ocrx_word' id='word_1_271' title='bbox 1979 3347 2208 3398; x_wconf 88' lang='lat' dir='ltr'><strong>ruditate</strong></span> 
     </span>
     <span class='ocr_line' id='line_1_34' title="bbox 280 3433 2206 3508; baseline -0.004 -15"><span class='ocrx_word' id='word_1_272' title='bbox 280 3442 460 3493; x_wconf 89' lang='lat' dir='ltr'><strong>stolidi</strong></span> <span class='ocrx_word' id='word_1_273' title='bbox 498 3440 581 3492; x_wconf 88' lang='lat' dir='ltr'><strong>vel</strong></span> <span class='ocrx_word' id='word_1_274' title='bbox 624 3442 955 3508; x_wconf 89' lang='lat' dir='ltr'><strong>malignitate</strong></span> <span class='ocrx_word' id='word_1_275' title='bbox 993 3443 1102 3492; x_wconf 89' lang='lat' dir='ltr'><strong>ceci</strong></span> <span class='ocrx_word' id='word_1_276' title='bbox 1142 3448 1367 3507; x_wconf 86' lang='lat' dir='ltr'><strong>arguunt</strong></span> <span class='ocrx_word' id='word_1_277' title='bbox 1406 3440 1491 3490; x_wconf 81' lang='lat' dir='ltr'><strong>sic,</strong></span> <span class='ocrx_word' id='word_1_278' title='bbox 1521 3438 1601 3504; x_wconf 84' lang='grc' dir='ltr'><strong>(Ι)</strong></span> <span class='ocrx_word' id='word_1_279' title='bbox 1645 3437 1705 3487; x_wconf 92' lang='lat' dir='ltr'><strong>In</strong></span> <span class='ocrx_word' id='word_1_280' title='bbox 1747 3438 1899 3489; x_wconf 82' lang='lat' dir='ltr'><strong>Prov.</strong></span> <span class='ocrx_word' id='word_1_281' title='bbox 1943 3449 2010 3500; x_wconf 85' lang='lat'><strong>30</strong></span> <span class='ocrx_word' id='word_1_282' title='bbox 2047 3434 2120 3501; x_wconf 84' lang='lat' dir='ltr'><strong>[v.</strong></span> <span class='ocrx_word' id='word_1_283' title='bbox 2151 3433 2206 3500; x_wconf 84' lang='lat'><strong>8]</strong></span> 
     </span>
    </p>
   </div>
   <div class='ocr_carea' id='block_1_7' title="bbox 419 3547 2179 3672">
    <p class='ocr_par' dir='ltr' id='par_1_7' title="bbox 419 3547 2179 3672">
     <span class='ocr_line' id='line_1_35' title="bbox 419 3547 2019 3603; baseline -0.004 -12"><span class='ocrx_word' id='word_1_284' title='bbox 419 3553 432 3576; x_wconf 77' lang='lat'>1</span> <span class='ocrx_word' id='word_1_285' title='bbox 448 3553 508 3591; x_wconf 91' lang='lat' dir='ltr'><strong>M.</strong></span> <span class='ocrx_word' id='word_1_286' title='bbox 529 3566 606 3591; x_wconf 84' lang='lat' dir='ltr'><strong>om.</strong></span> <span class='ocrx_word' id='word_1_287' title='bbox 630 3553 730 3592; x_wconf 87' lang='lat' dir='ltr'><strong>fere.</strong></span> <span class='ocrx_word' id='word_1_288' title='bbox 1070 3552 1220 3591; x_wconf 67' lang='lat' dir='ltr'><strong>2Dial.</strong></span> <span class='ocrx_word' id='word_1_289' title='bbox 1246 3553 1302 3590; x_wconf 92' lang='lat' dir='ltr'><strong>II.</strong></span> <span class='ocrx_word' id='word_1_290' title='bbox 1325 3565 1416 3603; x_wconf 88' lang='lat' dir='ltr'><strong>cap.</strong></span> <span class='ocrx_word' id='word_1_291' title='bbox 1440 3552 1465 3590; x_wconf 88' lang='lat' dir='ltr'><strong>i.</strong></span> <span class='ocrx_word' id='word_1_292' title='bbox 1488 3564 1525 3601; x_wconf 88' lang='lat'><strong>3.</strong></span> <span class='ocrx_word' id='word_1_293' title='bbox 1646 3550 1661 3574; x_wconf 72' lang='lat'><strong>³⁵</strong></span> <span class='ocrx_word' id='word_1_294' title='bbox 1682 3548 1795 3587; x_wconf 68' lang='grc' dir='ltr'><strong>ΒΜ.</strong></span> <span class='ocrx_word' id='word_1_295' title='bbox 1817 3547 1903 3585; x_wconf 85' lang='lat' dir='ltr'><strong>add</strong></span> <span class='ocrx_word' id='word_1_296' title='bbox 1923 3560 2019 3585; x_wconf 82' lang='lat' dir='ltr'><strong>non.</strong></span> 
     </span>
     <span class='ocr_line' id='line_1_36' title="bbox 421 3613 2179 3672; baseline -0.005 -14"><span class='ocrx_word' id='word_1_297' title='bbox 421 3620 436 3644; x_wconf 74' lang='lat'>⁴</span> <span class='ocrx_word' id='word_1_298' title='bbox 455 3621 515 3660; x_wconf 88' lang='lat' dir='ltr'><strong>M.</strong></span> <span class='ocrx_word' id='word_1_299' title='bbox 537 3632 687 3671; x_wconf 86' lang='lat' dir='ltr'><strong>quarn:</strong></span> <span class='ocrx_word' id='word_1_300' title='bbox 719 3633 794 3659; x_wconf 84' lang='lat' dir='ltr'><strong>om.</strong></span> <span class='ocrx_word' id='word_1_301' title='bbox 817 3632 921 3660; x_wconf 80' lang='lat' dir='ltr'><strong>esse.</strong></span> <span class='ocrx_word' id='word_1_302' title='bbox 1062 3620 1077 3643; x_wconf 68' lang='lat'>5</span> <span class='ocrx_word' id='word_1_303' title='bbox 1094 3621 1154 3659; x_wconf 82' lang='lat' dir='ltr'><strong>M.</strong></span> <span class='ocrx_word' id='word_1_304' title='bbox 1175 3633 1253 3659; x_wconf 86' lang='lat' dir='ltr'><strong>om.</strong></span> <span class='ocrx_word' id='word_1_305' title='bbox 1277 3633 1399 3672; x_wconf 86' lang='lat' dir='ltr'><strong>pene.</strong></span> <span class='ocrx_word' id='word_1_306' title='bbox 1646 3616 1662 3642; x_wconf 71' lang='grc' dir='ltr'>ὓ</span> <span class='ocrx_word' id='word_1_307' title='bbox 1682 3615 1799 3657; x_wconf 83' lang='grc' dir='ltr'><strong>Β.Μ.</strong></span> <span class='ocrx_word' id='word_1_308' title='bbox 1821 3629 1896 3655; x_wconf 88' lang='lat' dir='ltr'><strong>om.</strong></span> <span class='ocrx_word' id='word_1_309' title='bbox 1919 3613 2179 3653; x_wconf 84' lang='lat' dir='ltr'><strong>beatissime.</strong></span> 
     </span>
    </p>
   </div>
  </div>
 </body>
</html>
