2512 4034
349 240 420 302 46
1145 231 1475 284 PECHAM

349 381 632 432 derivatur.
708 378 801 429 Ex
839 377 940 428 hoc
978 377 1096 427 loco
1134 376 1230 427 soli
1273 377 1433 426 Petro
1459 382 1512 425 et
1538 376 1648 425 eius
1676 373 2068 425 successoribus
2096 374 2264 442 pleni-

343 466 480 518 tudo
506 465 793 532 potestatis
818 460 1086 514 confertur
1109 468 1164 512 et
1192 460 1319 511 inde
1345 476 1528 510 eorum
1557 459 1758 509 heresis
1794 458 2150 522 confunditur,
2177 460 2266 527 qui

346 554 530 603 dicunt
555 567 665 601 non
691 550 810 617 plus
836 565 996 615 posse
1022 564 1224 614 papam
1253 563 1411 612 super
1433 544 1782 596 universalem
1804 544 2083 595 ecclesiam
2104 562 2265 611 quam

348 639 659 704 episcopum
687 652 846 702 super
865 634 963 684 sibi
984 633 1259 683 subditam
1277 632 1572 698 dyocesim.
1640 630 1847 682 Omnes
1865 630 2027 696 igitur
2044 631 2265 682 domino

347 741 488 791 pape
537 721 752 773 obedire
800 726 1050 770 tenentur
1099 716 1394 768 secundum
1447 717 1689 767 divinam
1712 714 1729 742 1
1783 713 2159 767 auctoritatem
2211 724 2266 766 et

345 809 713 874 evangelicam
740 805 1019 856 veritatem
1059 803 1196 853 sicut
1234 818 1490 869 expresse
1530 802 1788 852 Rabanus
1823 802 2069 868 exponit.
2150 802 2264 852 Nec

342 895 464 945 huic
515 901 599 945 est
646 891 974 942 contrarium
1031 889 1175 955 quod
1228 888 1458 939 habetur
1507 905 1580 938 ex
1635 887 1807 938 Ieron.
1857 887 1976 938 dist.
2027 897 2092 954 95
2147 904 2260 954 cap.

347 980 526 1043 Olim,2
554 979 645 1030 ubi
670 978 878 1028 videtur
902 976 1076 1026 dicere
1103 991 1272 1025 unum
1300 974 1458 1024 fuisse
1483 975 1671 1024 ceteris
1697 973 2094 1039 superpositum
2111 977 2129 1006 3
2166 990 2264 1040 pro

340 1064 596 1117 evitando
632 1063 895 1114 scismate.
976 1060 1099 1110 Hoc
1139 1059 1359 1126 quidem
1399 1076 1585 1109 verum
1625 1065 1708 1109 est
1747 1058 1871 1124 quia
1909 1065 2125 1124 propter
2163 1057 2265 1108 hoc

341 1169 558 1203 necesse
585 1150 696 1211 fuit,
725 1150 819 1199 sed
846 1145 1194 1197 nihilominus
1229 1145 1338 1196 fieri
1379 1145 1556 1212 potuit
1595 1146 1775 1196 divina
1813 1145 2142 1207 auctoritate,
2168 1162 2266 1195 nec

341 1246 469 1289 sunt
517 1235 752 1303 episcopi
805 1235 1035 1284 maiores
1079 1231 1387 1298 presbiteris
1433 1233 1485 1281 in
1537 1231 1714 1281 officio
1764 1229 2096 1292 sacerdotali,
2143 1239 2268 1281 sunt

340 1332 520 1375 tamen
573 1324 625 1373 in
675 1319 983 1388 pontificali,
1034 1320 1163 1370 alias
1228 1336 1333 1369 non
1396 1326 1537 1369 esset
1600 1319 1846 1369 ordinata
1909 1317 2265 1368 ecclesiastica

340 1409 597 1461 ierarchia
624 1409 693 1458 ad
721 1408 1148 1459 conformitatem
1178 1422 1390 1456 summe
1427 1404 1699 1467 ierarchie,
1725 1405 1873 1454 cuius
1913 1402 2266 1454 ecclesiastice

339 1495 592 1546 ierarchie
612 1494 631 1522 4
669 1501 858 1560 vertex
884 1498 965 1542 est
993 1491 1215 1542 ecclesie
1243 1491 1494 1541 Romane
1520 1491 1744 1540 antistes
1784 1489 1925 1540 Petri
1966 1505 2262 1550 successor;
2321 1489 2325 1492 ’

343 1582 410 1632 de
438 1597 544 1647 quo
572 1579 909 1646 Augustinus
947 1577 1015 1627 ad
1044 1576 1415 1636 Generosum,⁵
1444 1576 1618 1636 PetrO,
1646 1576 1832 1641 inquit,
1859 1576 2023 1625 totius
2048 1573 2266 1624 ecclesie

340 1668 566 1734 figuram
604 1664 811 1732 gerenti
852 1663 1123 1714 Dominus
1164 1663 1268 1712 ait:
1312 1661 1529 1728 “Super
1568 1661 1708 1711 hanc
1752 1669 1962 1729 petram
2007 1659 2266 1711 edificabo

341 1752 622 1803 ecclesiam
673 1766 849 1801 meam
867 1749 909 1800 ''.
1002 1749 1120 1799 Hec
1177 1748 1528 1813 Augustinus.
1617 1746 1859 1799 Obsecro
1909 1763 2072 1813 quare
2126 1746 2265 1797 dixit

341 1839 612 1890 Dominus
652 1837 780 1886 Luc
810 1850 875 1886 22
905 1835 976 1901 [V.
1009 1850 1089 1901 31,
1119 1834 1243 1900 32]:
1288 1834 1541 1895 “Simon,
1572 1850 1695 1884 ecce
1736 1832 1962 1884 Satanas
2003 1833 2265 1899 expetivit

336 1943 432 1976 vos
471 1934 530 1975 ut
568 1922 820 1974 cribraret
858 1921 995 1972 sicut
1033 1921 1285 1972 triticum.
1363 1920 1485 1986 Ego
1526 1926 1705 1970 autem
1752 1920 1934 1985 rogavi
1973 1936 2068 1986 pro
2109 1926 2163 1969 te
2204 1926 2262 1969 ut

339 2028 446 2062 non
499 2009 714 2061 deficiat
763 2008 895 2058 fides
947 2015 1066 2067 tua;
1119 2014 1171 2056 et
1220 2013 1277 2056 tu
1327 2005 1619 2072 aliquando
1664 2022 1954 2056 conversus
2003 2004 2263 2056 confirma

336 2097 521 2148 fratres
572 2104 692 2146 tuos
710 2093 750 2146 ''.
827 2093 1096 2144 Dominus
1138 2092 1280 2143 dixit
1326 2108 1514 2142 omnes
1559 2092 1627 2141 ad
1671 2092 2054 2159 temptandum
2093 2108 2259 2158 expe—

337 2182 531 2246 titos;6
568 2189 623 2233 et
661 2180 923 2246 numquid
964 2179 1098 2229 sibi7
1137 2178 1207 2228 de
1245 2179 1362 2229 solo
1404 2179 1565 2229 Petro
1605 2193 1731 2228 cura
1769 2186 1893 2239 erat,
1924 2185 1983 2228 ut
2021 2194 2119 2244 pro
2144 2178 2261 2244 ipso

332 2270 445 2320 solo
482 2284 634 2319 orare
671 2265 846 2325 vellet,
872 2266 966 2316 sed
1007 2265 1059 2315 in
1099 2265 1202 2315 hoc
1241 2271 1427 2330 aperte
1468 2264 1649 2315 docuit
1674 2265 1820 2330 quod
1846 2262 1980 2314 fides
2010 2262 2152 2315 Petri
2179 2271 2261 2314 est

335 2356 467 2406 fides
505 2355 672 2406 totius
709 2352 931 2403 ecclesie
971 2351 1089 2411 Dei,
1119 2367 1239 2400 cum
1274 2351 1437 2401 etiam
1476 2366 1585 2400 non
1625 2349 1799 2400 solum
1837 2351 2054 2401 Petrum
2083 2349 2179 2400 sed
2208 2357 2262 2400 et

331 2442 464 2492 alios
502 2431 1074 2507 lapsuros'presciretss
1111 2443 1163 2486 et
1201 2435 1331 2486 dum
1371 2435 1527 2498 dixit,
1572 2440 1599 2462 “
1617 2443 1672 2486 et
1712 2443 1771 2486 tu
1811 2435 2103 2502 aliquando
2130 2452 2257 2486 con-

333 2545 517 2579 versus
543 2525 802 2578 confirma
829 2523 1015 2576 fratres
1043 2522 1207 2587 tUOS,''
1231 2523 1657 2590 jurisdictionem
1698 2524 1747 2573 ei
1785 2522 2060 2574 attribuit9
2098 2539 2257 2590 super

332 2630 523 2665 omnes
550 2613 848 2680 episcopos,
932 2610 1075 2660 Hinc
1095 2609 1260 2660 etiam
1281 2626 1410 2661 oves
1427 2627 1558 2675 quas
1580 2625 1675 2660 suo
1694 2608 1734 2638 10
1749 2610 2008 2676 sanguine
2026 2608 2256 2659 redemit

343 2701 503 2750 Petro
540 2699 676 2749 trine
715 2696 1054 2763 repetitionis
1076 2693 1116 2725 11
1147 2695 1385 2745 misterio
1421 2695 1719 2761 pascendas
1758 2695 2043 2756 commisit,
2071 2693 2254 2745 dicens

337 2786 490 2851 Joan.
519 2784 637 2847 ult.;
676 2788 702 2810 “
725 2784 893 2834 Pasce
917 2798 1042 2832 oves
1072 2797 1218 2831 meas
1237 2779 1280 2832 ”.
1351 2780 1441 2831 Ex
1468 2797 1575 2846 quo
1601 2787 1752 2847 patet
1779 2781 1923 2846 quod
1951 2781 2138 2831 Petrus
2165 2796 2256 2831 seu

340 2871 482 2923 Petri
507 2870 731 2921 vicarius
757 2876 841 2919 est
878 2868 1042 2918 totius
1081 2866 1299 2918 ecclesie
1337 2873 1522 2934 pastor
1559 2866 1900 2917 immediatus
1937 2882 1968 2915 a
2008 2867 2251 2917 Domino

332 2958 669 3016 -constitutUS‚
706 2953 958 3005 omnibus
997 2951 1309 3014 fratribus‚12
1348 2953 1424 3004 i.e.
1467 2953 1793 3019 coapostolis
1831 2960 1886 3004 et
1919 2952 2186 3020 episcopis
2220 2970 2252 3003 a

338 3033 582 3092 Domino
608 3038 922 3106 prepositus,
1003 3037 1166 3087 Hunc
1195 3037 1354 3103 igitur
1390 3021 1700 3087 obedientie
1737 3036 1998 3087 honorem
2038 3035 2251 3087 solvant

444 3154 458 3177 1
475 3153 520 3191 F.
552 3151 722 3191 dictam.
1105 3149 1121 3173 2
1139 3148 1309 3188 Decreti
1332 3149 1363 3188 Ι.
1389 3149 1503 3188 Pars.
1528 3149 1638 3189 Dist.
1659 3161 1747 3188 xcv.
1773 3147 1862 3201 (v.).

445 3220 461 3245 ²3
480 3221 525 3260 F.
557 3218 836 3270 suppositum.
1103 3216 1237 3256 ⁴V.F.
1268 3229 1345 3255 om.
1367 3216 1515 3256 eccles.
1537 3216 1749 3255 ierarchie.

445 3289 460 3312 5
478 3289 587 3338 Ang.
611 3286 746 3338 Epist.
768 3285 841 3325 liii.
863 3297 955 3336 cap.
981 3296 1027 3331 1;
1059 3284 1206 3335 Migne
1226 3283 1367 3323 xxxiii.
1390 3286 1469 3323 col.
1495 3287 1582 3333 196.

445 3356 460 3380 ⁶
475 3355 528 3394 V.
559 3353 789 3405 expositos.
1108 3351 1123 3376 7
1139 3353 1185 3390 F.
1207 3364 1284 3391 om.
1307 3351 1398 3390 sibi.

445 3423 461 3447 ⁸
479 3423 635 3462 B.V.F.
668 3421 741 3461 sed
759 3420 865 3460 alios
885 3428 1073 3472 tempore
1094 3418 1305 3470 passionis
1323 3420 1514 3470 lapsuros
1536 3418 1673 3459 sciret.

442 3491 458 3514 ⁹
475 3490 630 3529 B.V.F.
661 3489 819 3528 tribuit.
1091 3487 1127 3511 10
1145 3488 1191 3526 F.
1222 3486 1404 3537 proprio.

440 3558 474 3583 11
494 3558 540 3598 F.
570 3556 835 3608 receptionis.
1081 3555 1117 3580 ¹2
1134 3557 1183 3595 O.
1214 3554 1422 3596 fidelibus.
