2512 4034
400 242 497 303 176
824 294 827 297 ,
1188 240 1522 291 PECHAM

744 386 760 415 1
783 385 927 436 Nam
955 391 1035 436 est
1060 385 1168 436 vite
1196 386 1387 435 misere
1414 402 1508 450 per
1533 383 1693 435 vilem
1720 394 1960 436 meatum
1980 387 1998 417 2

396 482 501 536 350
743 471 948 522 Panem
977 471 1179 537 passim
1207 486 1430 538 querere
1455 471 1587 520 vicis
1612 471 1954 534 seminatum,

741 557 929 624 Atque
946 558 964 587 3
989 565 1203 608 tantum
1228 557 1408 608 viuere
1435 556 1502 606 de
1528 558 1746 623 quadris
1777 565 2113 624 magnatum,

744 643 817 693 Et
842 644 1063 694 tandem
1091 650 1331 709 repetere
1358 643 1501 708 quod
1529 649 1610 693 est
1636 643 1981 709 resignatum.

743 780 882 847 Quia
908 782 976 831 de
1003 779 1231 846 periurio
1260 779 1548 845 plurimum
1575 779 1808 840 timetur,

746 866 990 918 Omnino
1015 865 1214 915 iuracio
1241 866 1671 932 perdissuadetur
1691 883 1702 928 ;
1720 871 1740 899 4

747 955 916 1020 Igitur
933 952 950 981 5
978 951 1166 1019 religio
1191 952 1433 1002 timenda
1456 951 1683 1012 videtur,

744 1040 880 1092 Cum
904 1039 1017 1090 eius
1043 1039 1390 1104 transgressio
1414 1040 1590 1104 gravis
1617 1044 1908 1104 reputetur.

741 1179 759 1208 6
781 1177 887 1244 Qui
913 1177 1203 1228 claustrum
1233 1175 1541 1242 ingrederis,
1568 1176 1720 1226 vales
1747 1183 1842 1227 aut
1870 1191 1978 1226 non
2006 1176 2153 1226 vales
2176 1176 2198 1206 ⁷⁷

744 1265 965 1315 Portare
991 1281 1116 1314 cum
1143 1264 1331 1314 ceteris
1359 1262 1566 1313 labores
1591 1262 1905 1313 claustrales
1931 1281 1941 1325 ;

743 1351 801 1404 Si
827 1368 935 1401 non
962 1366 1120 1418 posse
1147 1349 1362 1409 dixeriS,
1388 1348 1679 1399 claustrum
1707 1365 1814 1399 non
1843 1349 1955 1400 vult
1981 1348 2131 1411 taleS‚

395 1443 499 1507 360
741 1438 798 1490 Si
825 1456 997 1505 posse,
1021 1435 1413 1502 transgrederis
1438 1435 1597 1486 calles
1613 1436 1631 1465 S
1657 1434 1961 1502 spiritaleS.9

741 1583 885 1633 Nam
914 1583 1061 1648 prius
1088 1579 1351 1630 debueras
1375 1578 1488 1628 vias
1517 1577 1897 1627 mandatorum

741 1669 974 1723 Scrutari
1004 1665 1316 1727 fructiferaS‚
1348 1680 1510 1730 quam
1538 1661 1886 1713 consiliorum
1907 1680 1917 1725 ;
1937 1662 1976 1692 1⁰

744 1757 874 1810 Sine
901 1756 1044 1806 scala
1071 1767 1329 1820 properas
1354 1750 1421 1800 ad
1449 1750 1662 1800 culmen
1690 1748 1978 1811 honorum,

740 1845 994 1911 Turpiter
1021 1846 1364 1908 preposteras
1392 1838 1611 1887 modum
1639 1836 1986 1902 agendorum.

742 1986 800 2038 Si
829 1984 973 2036 enim
996 1981 1034 2012 Π
1063 1980 1277 2032 celestia
1302 1976 1655 2043 contemplari
1681 1977 1829 2037 veliS‚

743 2074 844 2124 Per
868 2072 1098 2122 actiuam
1127 2068 1289 2133 expia
1315 2081 1403 2115 cor
1427 2082 1459 2115 a
1486 2062 1829 2129 corruptelis;

744 2157 921 2218 Sicud‚
945 2155 1096 2206 verbi
1122 2154 1307 2220 gratia,
1339 2151 1500 2201 Israel
1527 2149 1696 2200 fidelis

746 2246 874 2295 Post
902 2243 1021 2307 Lye
1047 2238 1316 2290 connubia
1342 2245 1456 2287 erat
1480 2236 1559 2286 vir
1588 2234 1858 2287 RacheliS.

501 2405 516 2429 1
533 2405 616 2443 For
636 2400 718 2441 this
738 2404 892 2438 stan-za
913 2398 963 2436 A.
984 2395 1231 2435 substitutes
1247 2409 1315 2433 :—
1359 2428 1362 2431 .

825 2494 880 2532 Et
900 2493 958 2531 ita
979 2502 1245 2542 summopere
1265 2500 1442 2540 purgare
1463 2495 1698 2538 peccatum,

824 2562 977 2613 Quam,
1000 2567 1042 2598 te
1061 2558 1176 2598 facto
1195 2569 1392 2608 paupere,
1414 2563 1558 2607 putare
1578 2556 1762 2597 beatum,

825 2631 985 2668 Panem
1005 2627 1163 2678 passim
1184 2637 1379 2676 quaerere
1397 2623 1501 2662 vicis
1521 2623 1741 2662 civitatum

824 2697 962 2748 Atque
982 2704 1103 2733 tuum
1121 2694 1261 2732 vivere
1281 2693 1330 2732 de
1350 2691 1507 2743 quadra
1526 2698 1788 2741 magnatum.

826 2765 966 2816 Turpe
986 2770 1051 2803 est
1068 2762 1253 2813 recipere
1273 2759 1386 2812 quod
1406 2767 1470 2799 est
1490 2759 1765 2810 resignatum.

505 2866 553 2904 B.
574 2865 651 2903 has
671 2862 765 2913 only
792 2862 858 2901 the
878 2861 965 2899 last
983 2857 1033 2910 of
1047 2858 1156 2898 these
1178 2857 1280 2896 lines
1295 2872 1309 2903 ;
1340 2857 1381 2896 S.
1409 2856 1487 2895 has
1510 2854 1705 2906 thefirst,
1727 2853 1901 2906 andfor
1922 2854 1988 2893 che
2009 2853 2092 2894 last
2111 2854 2233 2893 reads
2247 2869 2316 2894 :-—

826 2958 962 3008 Quam
985 2955 1159 3006 turpiter
1178 2960 1368 3004 repetere
1388 2952 1501 3004 quod
1520 2959 1585 2991 est
1603 2951 1878 3003 resignatum.

506 3052 522 3077 2
537 3052 723 3097 beatum,
748 3050 877 3088 MSS.
1446 3044 1462 3069 3
1477 3044 1542 3083 Ad
1563 3056 1657 3094 que,
1681 3044 1733 3083 D.

505 3120 521 3144 4
539 3132 609 3171 per
632 3119 758 3157 deum
779 3116 1057 3161 dissuadetur,
1083 3115 1159 3161 D.;
1189 3112 1354 3152 cunctis
1375 3111 1654 3159 dissuadetur,
1675 3112 1726 3150 A.

507 3188 522 3211 5
540 3187 653 3238 Ergo
675 3193 731 3233 et,
754 3185 808 3224 D.
920 3183 935 3208 ὓ
952 3183 994 3221 S.
1015 3182 1137 3221 omits
1160 3181 1229 3220 the
1251 3185 1348 3220 next
1369 3185 1450 3219 two
1470 3184 1657 3219 stanzas.
1770 3179 1786 3204 ⁷
1804 3179 1910 3219 tales
1930 3192 2073 3218 annon
2095 3181 2216 3228 tales,
2241 3181 2296 3219 D.

508 3254 523 3279 8
538 3255 644 3300 vias,
667 3254 714 3293 C.
988 3250 1004 3274 9
1022 3250 1158 3288 Rhedi
1178 3249 1333 3287 frustra
1352 3248 1534 3289 conteris
1553 3248 1751 3286 humeros
1771 3247 1975 3295 carnales,
1999 3248 2048 3287 A.

507 3322 543 3347 1⁰
559 3322 642 3361 For
662 3321 728 3360 the
739 3319 846 3372 first
868 3324 950 3358 two
970 3318 1073 3358 lines
1095 3319 1145 3357 A.
1168 3316 1417 3356 substitutas
1437 3331 1504 3355 :——-

831 3416 875 3454 Si
896 3423 936 3453 te
955 3426 1080 3466 posse
1100 3414 1288 3465 proferas
1308 3426 1416 3453 onus
1437 3412 1746 3454 mandatorum.

831 3484 915 3523 Cur
935 3482 1049 3533 prius
1068 3494 1155 3521 non
1176 3482 1329 3520 tuleras
1349 3492 1477 3531 quam
1496 3480 1766 3521 consiliorum
1783 3480 1798 3518 ?

515 3577 544 3602 Π
559 3585 717 3623 tamen,
742 3578 785 3617 S.
