2512 4034
388 257 455 308 72
1181 245 1512 298 PECHAM

383 389 562 453 capita
588 389 801 439 leonum
823 408 833 451 3
876 397 930 439 et
957 389 1025 438 de
1053 406 1143 439 ore
1170 390 1410 455 ipsorum
1440 389 1767 456 procedebat
1796 393 1932 458 ignis
1959 400 2013 442 et
2040 393 2219 444 fumus
2245 400 2300 444 et

383 473 658 539 sulphur”.
741 474 1052 536 Habebant,
1099 475 1286 540 inquit,
1334 475 1522 525 loricas
1572 476 1784 541 igneas:
1838 476 2027 544 glossa,
2081 486 2300 545 propter

383 561 563 625 ignem
604 561 677 610 ire
715 568 768 610 et
805 560 1072 623 libidinis;
1110 560 1195 609 vel
1235 577 1330 625 per
1367 561 1589 611 loricam
1631 578 1703 610 ex
1740 562 1950 612 circulis
1978 564 2296 616 'contextam

382 646 728 712 intelligimus
782 647 1075 696 multorum
1117 648 1169 697 in
1211 648 1354 697 malo
1391 645 1750 699 concordiam.
1832 649 1905 699 Et
1957 651 2298 701 iacinctinas:

380 730 568 796 inquit,
595 748 690 796 per
728 732 1012 781 iacinctum
1052 730 1293 798 intellige
1337 732 1740 783 simulationem
1788 734 2013 796 iustitie,
2055 736 2200 785 unde
2244 744 2298 786 et

381 817 495 882 ipse
520 817 863 866 antichristus
891 817 981 881 qui
1010 817 1061 866 in
1090 816 1302 866 occulto
1328 820 1427 868 erit
1457 818 1763 869 luxuriosus
1800 821 1852 869 in
1892 819 2108 885 publico
2147 823 2299 872 casti-

381 911 549 953 tatem
578 904 869 963 simulabit,
894 910 953 952 ut
993 903 1164 968 magis
1202 903 1421 968 placeat,
1451 905 1541 970 qui
1579 912 1758 954 tamen
1800 905 1929 955 alios
1968 907 2037 956 ad
2077 924 2297 959 omnem

381 990 691 1054 spurcitiam
719 988 1024 1039 licentiabit.
1105 988 1190 1038 De
1217 989 1560 1040 simulatione
1585 998 1766 1040 autem
1788 992 2052 1042 castitatis
2072 992 2301 1044 habetur

381 1074 520 1124 Dan.
561 1076 635 1125 xi.
674 1075 741 1134 [V.
787 1076 905 1139 37]:
961 1073 1134 1140 Super
1173 1073 1302 1125 illud
1347 1078 1491 1126 “erit
1530 1076 1583 1125 in
1624 1078 2072 1142 concupiscentiis
2111 1077 2301 1129 femin·

379 1177 533 1210 arum
551 1159 596 1211 ”.
676 1159 778 1209 Per
815 1160 1038 1210 circulos
1076 1160 1241 1223 lorice,
1268 1170 1585 1226 argumenta
1623 1162 1914 1228 sophistica
1953 1164 2195 1230 intellige
2232 1165 2300 1215 ad

378 1245 709 1295 carnalitatis
764 1246 1177 1296 munimentum.
1264 1246 1343 1297 Et
1390 1248 1565 1312 capita
1616 1265 1901 1312 equorum:
1967 1248 2163 1316 glossa,
2218 1251 2298 1301 i.e.

375 1331 682 1398 principalis
722 1331 861 1381 inter
896 1348 987 1381 eos
1009 1351 1017 1383 :
1041 1328 1321 1399 Ltmzquam
1361 1334 1530 1398 capita
1568 1335 1790 1395 leonum,
1829 1342 2048 1401 propter
2098 1335 2298 1386 detrac-

377 1418 579 1467 tionem
609 1417 947 1467 manifestam
974 1420 1274 1470 secundum
1314 1418 1568 1485 glossam.
1645 1421 1724 1470 Et
1746 1422 1808 1470 de
1834 1438 1920 1469 ore
1943 1421 2190 1485 zpsommz,
2221 1422 2296 1472 1'.e.

376 1514 562 1569 aperta
613 1503 991 1570 predicatione,
1030 1507 1343 1570 procedebat
1395 1507 1536 1572 zgm's
1560 1528 1573 1557 .·
1640 1507 1817 1573 glossa
1867 1507 1941 1558 ie.
1995 1508 2294 1573 cupiditas:

362 1591 571 1654 fumus,
612 1592 684 1643 ie.
726 1592 1003 1658 superbia;
1045 1594 1281 1659 sulphur,
1317 1594 1393 1645 i.e.
1435 1593 1573 1644 fetor
1612 1595 1897 1645 malorum.
1979 1594 2149 1661 Igitur
2186 1613 2296 1645 non

375 1685 459 1727 est
499 1678 696 1728 mirum
736 1679 780 1727 si
819 1678 952 1728 tales
991 1678 1217 1730 libenter
1257 1681 1559 1741 audiantur,
1604 1681 1646 1730 si
1701 1681 1936 1731 mundus
1990 1681 2057 1731 ad
2108 1698 2295 1732 eorum

377 1762 636 1813 malitiam
664 1762 888 1813 faciliter
915 1764 1215 1827 inclinetur,
1244 1766 1285 1815 si
1314 1783 1408 1832 per
1435 1767 1578 1832 ipsos
1606 1768 1803 1817 scisma
1829 1775 2143 1833 procuratur
2173 1768 2299 1833 quia

369 1848 501 1898 dicit
526 1848 801 1914 apostolus
829 1848 951 1901 Thi.
977 1864 1003 1914 3
1025 1851 1137 1916 (sic)
1159 1870 1168 1901 :
1189 1854 1206 1883 1
1231 1856 1258 1878 “
1275 1851 1374 1901 erit
1391 1858 1605 1917 tempus
1625 1868 1748 1903 cum
1771 1869 1959 1903 sanam
1985 1852 2290 1904 doctrinam

377 1950 486 1983 non
516 1933 869 1996 sustinebunt,
902 1936 996 1985 sed
1025 1937 1422 1987 coacervabunt
1451 1937 1551 1987 sibi
1578 1939 1647 1988 ad
1675 1956 1772 1989 sua
1801 1938 2069 1989 desideria
2098 1940 2295 2006 magis-

375 2027 489 2069 tro-s
527 2021 825 2086 prurientes
851 2021 1069 2072 auribus
1084 2020 1123 2072 ''.
1200 2023 1513 2090 Magistros,
1540 2024 1713 2089 inquit
1739 2024 1933 2091 glossa,
1963 2025 2191 2075 multos:
2223 2028 2301 2077 ad

373 2123 474 2155 sua
501 2106 774 2169 desideria,
801 2114 861 2156 ut
885 2123 949 2157 ea
974 2107 1159 2158 dicant
1198 2126 1303 2175 que
1342 2109 1546 2160 volunt.
1627 2109 1699 2158 Et
1738 2110 1872 2160 infra
1913 2111 2044 2160 dicit
2081 2110 2293 2177 glossa:

376 2191 475 2241 hos
504 2192 792 2259 magistros
820 2192 1081 2244 Salomon
1119 2211 1215 2261 per
1242 2195 1520 2246 mulierem
1553 2195 1666 2246 vult
1694 2196 1931 2262 intelligi,
1961 2197 2029 2246 de
2057 2213 2163 2262 qua
2189 2199 2291 2249 ait:

373 2277 619 2327 “Mulier
669 2277 926 2344 insipiens
978 2287 1032 2328 et
1080 2279 1312 2343 audaX,''
1365 2281 1454 2331 ubi
1518 2289 1701 2332 nostra
1765 2282 2044 2332 translatio
2107 2282 2289 2344 habet,

376 2362 608 2412 “mulier
634 2364 797 2414 stulta
823 2373 877 2413 et
915 2365 1154 2415 clamosa
1191 2366 1459 2433 plenaque
1499 2366 1838 2430 illecebriS,’'2
1879 2367 1971 2417 ubi
2011 2368 2295 2419 manifeste

374 2449 428 2498 in
479 2448 675 2499 talibus
727 2451 1027 2500 ostenditur
1069 2468 1290 2517 regnare
1340 2454 1773 2518 concupiscentia
1824 2453 2066 2505 carnalis
2149 2454 2291 2506 Ecce

374 2534 533 2601 igitur
558 2536 742 2601 quales
766 2545 921 2586 erunt
946 2536 1189 2603 discipuli
1217 2538 1517 2589 antichristi
1545 2546 1599 2589 et
1640 2555 1980 2605 precursores
2017 2541 2144 2605 quia
2184 2557 2294 2590 car-

372 2620 644 2671 nalissimi.
723 2620 838 2671 Nec
866 2623 1059 2674 mirum
1088 2624 1213 2689 quia
1239 2625 1517 2691 dispositio
1543 2633 1630 2675 est
1658 2625 1897 2675 eiusdem
1925 2627 2135 2692 generis
2173 2643 2293 2677 cum

371 2706 558 2760 forma.
638 2708 696 2759 Si
723 2709 886 2775 igitur
913 2708 1086 2759 forma
1113 2727 1276 2776 quam
1301 2711 1552 2762 intendet
1578 2712 1925 2763 antichristus
1953 2714 2160 2763 mundo
2197 2713 2293 2763 im-

373 2795 604 2860 primere
630 2803 709 2845 est
735 2796 845 2845 vita
870 2796 1107 2856 carnaliS‚
1136 2798 1373 2862 sequitur
1403 2806 1460 2848 ut
1487 2798 1586 2848 hoc
1614 2798 1867 2864 precedat
1895 2799 1948 2848 in
1975 2801 2293 2865 precursori-

372 2878 471 2929 bus
496 2881 616 2931 suis,
694 2881 780 2931 De
808 2881 1029 2931 istorum
1058 2898 1282 2932 numero
1309 2885 1559 2934 videntur
1598 2901 1715 2934 esse
1756 2890 1959 2935 statum
1999 2885 2294 2950 penitentie

371 2965 765 3030 vilipendentes
804 2974 857 3017 et
894 2966 964 3017 ab
1001 2968 1118 3033 ipso
1159 2970 1493 3020 retrahentes
1515 2988 1526 3033 3
1572 2971 1659 3020 alii
1704 2971 1868 3020 etiam
1914 2987 2058 3020 novo
2096 2987 2294 3037 genere

373 3050 667 3102 insaniendi
694 3060 992 3104 asserentes
1020 3054 1164 3118 quod
1204 3055 1471 3106 abstinere
1499 3074 1531 3106 a
1558 3056 1804 3107 carnibus
1844 3065 1899 3106 et
1937 3074 1968 3106 a
2008 3057 2135 3107 Vino
2176 3058 2292 3123 plus

371 3138 604 3202 pertinet
652 3139 719 3188 ad
772 3139 1093 3205 inperfectos
1146 3157 1307 3206 quam
1361 3141 1643 3207 perfectos.
1725 3141 1834 3193 Sed
1881 3142 2101 3192 forsitan
2149 3142 2292 3193 dicet

373 3223 566 3288 aliquis
593 3224 1062 3275 antichristianus3
1102 3228 1246 3291 quod
1286 3226 1524 3278 debeant
1562 3245 1679 3278 esse
1711 3228 1797 3278 isti
1826 3245 2158 3294 precursores
2186 3245 2292 3278 non

372 3309 609 3359 carnales
639 3311 731 3361 sed
759 3312 1127 3362 carnalitatem
1156 3313 1556 3378 impugnantes,
1585 3313 1727 3362 unde
1769 3313 1889 3365 Thi.
1919 3329 1952 3377 4
1974 3333 1982 3363 :
2007 3318 2025 3346 4
2067 3318 2093 3338 “
2112 3314 2290 3379 prohi-

372 3392 629 3457 bentium,
661 3397 850 3461 inquit,
881 3398 1097 3459 nubere,
1125 3398 1390 3450 abstinere
1427 3416 1458 3448 a
1497 3399 1645 3461 cibis,
1677 3416 1809 3464 quos
1851 3399 2000 3449 Deus
2039 3400 2287 3459 creavit,⁷'

372 3485 469 3529 etc.
546 3480 878 3547 Respondeo
905 3485 1048 3548 quod
1075 3483 1163 3533 illa
1191 3485 1418 3549 apostoli
1447 3485 1730 3551 prophetia
1762 3493 1842 3535 est
1881 3485 1950 3534 de
1990 3484 2290 3536 Manicheis

485 3590 497 3613 1
514 3603 536 3628 2
560 3591 667 3630 Tim.
692 3592 743 3631 iv.
767 3605 804 3641 3.
921 3594 936 3617 ‘2
955 3595 1076 3632 Prov.
1100 3595 1152 3633 ix.
1178 3606 1239 3644 13.
1353 3595 1367 3619 3
1384 3596 1433 3634 O.
1457 3595 1729 3634 christianus.
1844 3597 1859 3619 ⁴
1878 3609 1895 3633 1
1919 3596 2026 3635 Tirn.
2049 3595 2099 3635 iv.
2122 3608 2158 3644 3.
