2512 4034
331 274 398 324 86
1119 273 1451 326 PECHAM

322 416 404 464 vis
433 422 728 481 egestatem
757 424 971 467 servent
998 434 1068 468 ex
1092 424 1236 477 vot0‚
1262 435 1370 468 non
1398 425 1581 468 tamen
1609 417 1786 468 minus
1811 417 2111 470 voluntarie
2149 426 2243 470 aut

323 502 604 562 meritorie,
632 503 767 552 sicut
792 518 893 553 nec
920 504 1097 553 minus
1124 510 1394 554 merentur
1413 503 1531 554 aliis
1550 504 1641 569 qui
1662 503 1967 554 castitatem
1986 513 2246 556 voverunt

327 602 555 646 servare,
585 594 643 637 ut
669 604 832 654 supra
857 595 1007 654 patet
1031 589 1164 655 cap.0
1194 602 1238 652 3.

434 671 526 722 Ad
554 686 621 736 43
652 673 1089 740 respondendum
1116 691 1208 740 per
1235 675 1708 740 interemptionem
1732 675 1897 740 impie
1917 674 2243 741 calumpnie.

435 756 527 808 Ad
555 775 625 822 44
652 767 800 825 patet
825 776 983 825 supra
1008 757 1141 826 cap.⁰
1169 763 1199 812 8
1226 767 1282 811 et
1308 778 1379 811 ex
1405 761 1561 811 dictis
1588 759 1659 811 ad
1687 762 1898 827 signum
1928 760 2009 813 26.

433 843 523 894 Ad
563 856 627 908 45
671 851 859 911 patent
899 846 1154 896 instantie
1193 845 1414 907 infinite,
1446 853 1499 896 et
1536 848 1580 895 si
1620 845 1920 912 aliquorum
1960 845 2249 912 aliquando

324 928 582 995 fragilitas
609 928 755 980 aliud
781 930 922 991 facit,
942 932 1167 997 impium
1190 938 1272 982 est
1291 931 1393 981 hoc
1414 933 1468 981 in
1489 931 1898 983 multitudinem
1920 932 2241 998 intorquere.

326 1015 378 1065 N
382 1033 440 1066 ec
466 1015 628 1066 debet
654 1016 916 1067 hereticus
941 1016 1043 1067 hoc
1072 1016 1258 1069 facere.

434 1101 526 1153 Ad
553 1103 622 1165 46
648 1102 938 1152 dicendum
965 1101 1157 1152 eodem
1184 1101 1368 1154 modo,

432 1186 525 1237 Ad
564 1200 631 1251 47
671 1187 959 1238 dicendum
997 1189 1142 1254 quod
1181 1205 1304 1239 vere
1343 1187 1416 1238 illi
1445 1189 1620 1255 primo
1646 1188 1910 1240 dederunt
1937 1206 1994 1239 se
2024 1189 2161 1251 Deo,
2191 1196 2249 1239 et

319 1281 508 1339 postea
544 1290 639 1324 sua
678 1275 731 1324 in
770 1274 1088 1324 elemosinas
1126 1273 1428 1334 refundunt,
1455 1274 1612 1325 aliter
1649 1275 1719 1325 ab
1755 1276 1833 1326 eis
1871 1275 2244 1341 accipiendum

320 1375 427 1409 non
467 1367 597 1421 erat,
640 1366 700 1410 ut
738 1359 870 1410 dicit
907 1360 1101 1426 glossa.
1179 1359 1289 1411 Sed
1330 1360 1550 1414 attende
1600 1359 1748 1427 quod
1801 1362 1949 1427 prius
2003 1360 2250 1411 infideles

316 1452 468 1495 erant
491 1451 545 1495 et
571 1444 640 1497 ab
666 1444 971 1496 infidelibus
996 1462 1104 1496 non
1132 1453 1211 1497 est
1238 1446 1614 1512 accipiendum
1641 1448 1743 1497 nisi
1772 1448 1826 1496 in
1852 1464 1979 1497 casu
2020 1448 2249 1497 necessi·

314 1533 443 1582 tatis
485 1532 569 1581 vel
616 1548 777 1582 causa
820 1531 1044 1582 alicuius
1089 1530 1286 1583 nobilis
1331 1533 1567 1597 pietatis,
1646 1531 1822 1584 Credo
1866 1537 2049 1582 autem
2096 1533 2245 1598 quod

317 1615 652 1668 Christianus
680 1617 1048 1684 peccatoribus
1074 1634 1210 1684 quos
1245 1617 1488 1668 nondum
1526 1615 1745 1668 afflatus
1784 1617 2020 1684 Spiritus
2060 1618 2246 1670 Sancti

314 1703 383 1753 ad
412 1704 768 1770 penitentiam
794 1702 1084 1765 inclinavit,
1109 1703 1241 1753 nihil
1269 1705 1453 1754 sanius
1490 1704 1770 1754 consulere
1791 1704 1807 1733 1
1850 1712 2049 1770 potest,
2078 1721 2243 1769 quam

319 1789 465 1854 quod
516 1791 718 1840 amicos
767 1788 866 1840 sibi
920 1789 1119 1840 faciunt
1171 1789 1240 1840 de
1290 1805 1603 1840 mammona
1654 1791 1972 1856 iniquitati5‚
2011 1807 2247 1856 quorum

317 1874 564 1942 precibus
614 1876 689 1925 eis
735 1875 946 1926 celestis
999 1877 1275 1928 miseratio
1325 1877 1658 1942 impetretur.
1762 1875 2069 1926 Residuum
2121 1892 2249 1926 vero

319 1960 463 2012 illius
488 1960 795 2028 calumpnie
821 1962 1069 2027 superius
1085 1967 1167 2011 est
1188 1960 1422 2012 solutum
1444 1962 1499 2011 in
1520 1969 1753 2013 tractatu
1776 1962 1844 2012 de
1862 1963 2249 2012 mendicitate.2

423 2047 514 2098 Ad
554 2047 659 2114 493
698 2047 989 2098 dicendum
1030 2047 1178 2114 quod
1218 2065 1482 2114 pauperes
1523 2047 1722 2101 Christi
1763 2048 1945 2099 oculos
1984 2056 2135 2098 tanto
2174 2048 2243 2098 ad

314 2150 533 2185 omnem
586 2135 892 2184 contuitum
943 2133 1147 2184 habent
1196 2133 1458 2195 clariores,
1509 2141 1718 2201 quanto
1779 2152 1942 2201 super
2004 2142 2246 2184 terrenos

316 2220 564 2287 pulveres
612 2219 846 2286 amplius
896 2220 1207 2282 elevantur;
1273 2238 1383 2286 quo
1447 2222 1590 2271 enim
1655 2221 1708 2270 in
1771 2220 2244 2286 contemplationis

314 2305 488 2356 otium
515 2305 676 2356 altius
702 2322 758 2355 se
785 2312 1075 2367 cesserunt,
1103 2322 1169 2356 eo
1208 2305 1390 2356 futura
1427 2313 1481 2357 et
1519 2307 1773 2373 preterita
1812 2305 2088 2373 limpidius
2126 2322 2248 2356 con-

318 2390 676 2457 templantur:
722 2392 859 2441 sicut
885 2408 916 2442 e
939 2398 1128 2442 contra
1169 2391 1297 2442 dicit
1336 2391 1631 2458 Gregorius
1663 2392 1854 2443 Moral.
1893 2407 1922 2442 2
1956 2389 2078 2457 [cap
2116 2393 2244 2459 48]:

318 2476 561 2529 “Omnis
593 2476 685 2542 qui
718 2476 1090 2543 dispensandis
1126 2476 1285 2528 rebus
1315 2477 1539 2528 terrenis
1572 2477 1822 2544 presidet,
1853 2477 2047 2528 occulti
2080 2477 2248 2527 hostis

317 2562 503 2613 iaculis
528 2562 687 2614 latius
715 2569 876 2629 patet,
904 2570 957 2613 et
994 2580 1123 2629 sepe
1149 2562 1282 2615 dum
1322 2571 1508 2614 cautus
1547 2563 1727 2614 futura
1766 2564 2033 2614 subtiliter
2071 2563 2244 2630 previ-

319 2650 425 2712 det,
465 2649 709 2700 incautus
747 2649 990 2715 dampna
1029 2651 1299 2715 presentia
1338 2665 1685 2715 nequaquam
1724 2648 1902 2711 videt;
1943 2666 2070 2715 sepe
2109 2649 2243 2699 dum

319 2734 941 2802 presentibus'1invigilat,
973 2735 1040 2785 ad
1080 2736 1340 2786 instantia
1368 2734 1601 2785 videnda
1640 2733 1944 2796 dormitat,’'
1969 2741 2070 2786 etc,
2151 2734 2242 2784 Ex

318 2838 429 2886 quo
467 2829 615 2888 patet
653 2821 800 2887 quod
839 2827 1045 2887 quanto
1082 2820 1247 2887 aliqui
1274 2837 1306 2871 a
1333 2826 1672 2872 terrenorum
1713 2820 2081 2886 implicatione
2116 2827 2244 2870 sunt

318 2906 641 2968 remotiores,
679 2923 742 2957 eo
781 2907 834 2956 in
872 2906 1301 2973 contemplando
1345 2907 1613 2973 presentia
1652 2908 1907 2973 preterita
1958 2913 2011 2956 et
2061 2905 2243 2956 futura

318 3000 445 3043 sunt
470 2993 994 3059 circumspectiores:
1036 2993 1127 3043 sed
1156 2991 1301 3058 quod
1342 2994 1512 3044 sancti
1551 2993 1832 3043 manifeste
1870 2991 2126 3054 scribunt,
2152 2991 2242 3056 qui

320 3079 628 3146 prophetias
666 3086 1037 3145 exposuerunt
1075 3079 1219 3145 quod
1258 3077 1488 3145 apostoli
1528 3077 1810 3129 manifeste
1851 3083 2241 3138 contestantur,

320 3164 453 3216 sicut
477 3181 638 3231 supra
665 3171 829 3232 patet,
856 3165 1157 3231 scriptitare
1194 3181 1303 3215 non
1342 3171 1625 3231 oporteret,
1651 3164 1753 3214 nisi
1794 3164 2030 3214 heretice
2068 3163 2242 3229 pravi-

321 3252 418 3301 tati
445 3256 634 3302 contra
657 3251 758 3302 hoc
787 3250 1009 3303 suborte
1035 3258 1177 3302 esset
1204 3252 1561 3302 necessarium
1589 3249 1974 3316 extinguende.

430 3405 444 3429 1
464 3405 511 3443 B.
537 3405 785 3445 Christianis
814 3435 823 3445 .
858 3435 866 3445 .
898 3435 908 3445 .
937 3406 1114 3446 consuli.

431 3472 684 3523 2Μανὲιήαἰ
713 3477 804 3512 note
824 3473 866 3511 in
890 3475 940 3513 Β.
958 3485 966 3512 :
1000 3478 1025 3497 “
1039 3482 1081 3513 et
1103 3474 1337 3526 specialiter
1359 3474 1401 3513 in
1427 3474 1639 3513 solutione
1661 3471 1899 3524 argumenti
1930 3482 1979 3509 22
2001 3476 2043 3509 et
2070 3469 2166 3508 alibi
2196 3469 2242 3507 in

322 3539 395 3578 illo
416 3539 600 3589 capitulo
621 3541 725 3579 satis
745 3540 898 3580 diffuse
916 3540 957 3581 ”.

433 3604 449 3628 3
467 3604 515 3642 Β.
537 3606 601 3653 48.
