2512 4034
792 287 1272 340 TRACTATus
1317 286 1705 339 PAUPERIS
1874 264 1878 269 ’
2136 289 2166 337 s
2176 299 2200 351 5

275 430 461 492 orum‚'
506 450 628 484 cum
675 434 840 483 etiam
881 434 934 482 in
978 430 1346 481 defensionem
1398 447 1550 480 suam
1604 430 1855 481 Cesarem
1907 430 2202 496 appellavit

279 520 416 568 sicut
455 527 605 584 patet
645 518 769 571 Act.
815 529 877 582 25
926 523 994 582 [v.
1044 518 1145 578 10].

387 604 477 653 Ad
532 604 599 669 36
649 621 745 671 per
789 604 1264 668 interemptionem
1317 601 1649 667 respondeo:
1703 600 1822 650 Etsi
1868 601 2030 665 aliqui
2082 608 2207 651 sunt

273 692 367 755 qui
394 683 494 740 hoc
522 690 736 749 faciunt,
765 689 925 740 credo
951 688 1096 754 quod
1126 689 1283 754 pauci
1311 697 1451 748 sunt,
1477 695 1531 738 et
1558 688 1784 753 impium
1813 694 1894 736 est
1933 688 1986 736 in
2027 686 2205 737 multi-

275 776 517 825 tudinem
565 777 933 826 innocentium
981 776 1314 840 intorquere:
1376 775 1451 823 sic
1501 781 1682 823 autem
1735 772 1997 822 facientes
2045 772 2204 823 credo

273 862 686 925 reprehensione
735 861 943 927 dignm,
994 859 1087 910 sed
1150 858 1414 910 hereticos
1478 858 1833 923 redarguendi
1886 859 2046 923 ipSOS,
2096 859 2205 908 scio

276 947 543 997 iusticiam
584 963 692 996 non
731 946 942 998 habere.

385 1031 477 1081 Ad
532 1043 596 1096 37
650 1031 937 1082 dicendum
991 1030 1138 1096 quod
1189 1032 1232 1080 si
1284 1032 1506 1081 visitant
1569 1037 1816 1095 parentes
1871 1045 1994 1078 suos
2044 1045 2206 1078 causa

272 1117 551 1183 spirituali,
578 1118 738 1167 credo
764 1118 866 1168 hoc
894 1118 1012 1183 lege
1040 1117 1225 1166 divina
1252 1118 1476 1167 minime
1503 1115 1790 1183 prohiberi,
1818 1117 1988 1165 immo
2012 1115 2081 1164 ad
2108 1113 2207 1164 hoc

273 1219 366 1253 eos
393 1205 562 1254 teneri
590 1204 776 1253 divino
803 1210 1060 1270 precepto
1086 1202 1155 1253 de
1181 1202 1492 1269 parentibus
1517 1202 1844 1252 honorandis
1866 1218 1975 1251 non
1998 1200 2205 1263 dubito,

272 1305 398 1338 cum
436 1305 517 1338 res
556 1291 729 1355 exigit
767 1297 821 1340 et
859 1289 1152 1340 maioribus
1194 1290 1424 1354 negotiis
1470 1288 1540 1338 ad
1592 1288 1696 1338 alia
1749 1305 1859 1338 non
1911 1295 2205 1338 vocantur:

272 1376 417 1439 quod
469 1376 513 1425 si
563 1376 655 1441 qui
708 1382 832 1425 sunt
880 1376 971 1440 qui
1022 1375 1330 1425 deliciarum
1375 1391 1535 1425 causa
1576 1374 1672 1424 has
1713 1375 2051 1424 visitationes
2103 1371 2204 1422 fre-

276 1468 552 1527 quentant,
580 1479 611 1511 a
638 1461 858 1527 prelatis
885 1462 994 1511 suis
1021 1477 1127 1511 non
1153 1460 1345 1511 dubito
1373 1460 1693 1526 puniendos,
1719 1475 1827 1509 non
1853 1459 1924 1509 ab
1963 1458 2210 1509 hereticis

275 1545 651 1608 diffamandos‚
704 1550 795 1613 qui
847 1549 1013 1613 impie
1065 1563 1360 1613 paucorum
1426 1546 1624 1598 delicta
1675 1547 1729 1596 in
1792 1553 1966 1596 totam
2031 1545 2210 1595 multi-

275 1631 522 1683 tudinem
563 1632 844 1683 refundere
883 1650 992 1684 non
1031 1639 1299 1685 verentur.

387 1719 482 1769 Ad
510 1721 575 1783 38
604 1719 894 1770 dicendum
924 1720 1067 1785 quod
1094 1728 1176 1770 est
1202 1727 1263 1769 ut
1291 1721 1380 1780 sie,
1404 1726 1488 1769 est
1514 1724 1572 1768 ut
1597 1735 1736 1768 non:
1778 1725 1838 1768 ut
1877 1718 1951 1767 sic
1990 1715 2211 1783 quidem

278 1807 405 1871 quia
431 1805 748 1872 plerumque
772 1808 993 1856 caritate
1019 1804 1397 1857 nonnullorum
1427 1805 1742 1871 frigescente
1768 1804 1851 1854 vel
1880 1803 2215 1854 detractione

278 1892 671 1943 interveniente
709 1891 932 1943 affectus
970 1890 1254 1942 hominum
1300 1891 1370 1942 ad
1415 1907 1676 1958 pauperes
1724 1889 1923 1941 Christi
1974 1904 2213 1940 commu-

276 1985 490 2039 tantur3
518 1979 593 2028 sic
620 1986 763 2029 certe
788 1976 1149 2028 Ierosolimite
1170 1975 1386 2029 Christo
1409 1979 1463 2027 in
1485 1978 1648 2027 ramis
1669 1976 1974 2044 palmarum
1993 1974 2211 2027 obviam

277 2063 631 2130 solempniter
670 2072 1061 2131 processerunt,
1097 2065 1189 2130 qui
1235 2071 1420 2115 tamen
1466 2063 1655 2114 eadem
1703 2061 2008 2112 ebdomeda
2051 2061 2213 2111 cruci-

274 2150 536 2202 fixionem
601 2152 767 2218 ipsius
829 2167 952 2201 cum
1005 2152 1220 2216 magnis
1272 2149 1599 2201 clamoribus
1650 2156 2010 2201 extorserunt.
2123 2147 2216 2199 Sic

278 2237 456 2298 Ysaie,
505 2239 581 2287 sic
636 2237 866 2288 Ieremie
915 2245 969 2288 et
1019 2237 1243 2287 aliorum
1295 2234 1701 2303 prophetarum,
1753 2251 1889 2301 quos
1952 2236 2096 2300 prius
2159 2235 2214 2283 in

276 2324 611 2374 venerationi
637 2322 958 2384 habuerunt,
985 2324 1269 2374 crudeliter
1297 2324 1350 2373 in
1389 2323 1495 2374 fine
1534 2323 1851 2389 sanguinem
1891 2319 2214 2381 effuderunt,

274 2416 334 2459 et
359 2417 502 2459 certe
529 2426 559 2459 e
584 2412 853 2460 contrario
881 2409 1036 2460 multi
1064 2411 1118 2460 in
1158 2410 1422 2475 principio
1448 2409 1697 2459 contrarii
1728 2406 1926 2458 Christi
1968 2405 2214 2472 pauperi-

279 2493 380 2544 bus
418 2503 604 2561 postea
642 2495 1042 2546 familiarissimi
1075 2503 1202 2546 sunt
1240 2494 1430 2546 effecti.
1508 2495 1650 2544 Ecce
1686 2492 1913 2559 qualiter
1951 2492 2043 2542 filii
2085 2491 2214 2556 dya-

282 2580 404 2642 boli,
449 2583 538 2647 qui
589 2589 670 2631 est
721 2589 873 2648 pater
919 2581 1204 2643 mendacii,
1249 2599 1313 2632 ea
1365 2597 1468 2647 que
1520 2582 1574 2631 in
1625 2588 1778 2646 parte
1821 2587 1876 2629 et
1926 2595 2044 2628 raro
2088 2593 2214 2627 con-

277 2668 503 2732 tingunt
542 2669 596 2717 in
637 2674 812 2718 totam
854 2667 1255 2718 multitudinem
1295 2667 1573 2717 effundere
1613 2683 1722 2716 non
1762 2672 2031 2715 verentur.

392 2752 484 2802 Ad
514 2767 580 2817 39
606 2761 660 2804 et
687 2767 757 2816 40
783 2761 935 2819 patet
962 2754 1235 2818 responsio
1261 2770 1332 2803 ex
1370 2753 1628 2818 predictis
1656 2752 1783 2818 quia
1821 2768 1895 2800 ex
1932 2750 2053 2800 falsi
2093 2765 2213 2814 sup-

279 2839 548 2903 positione
574 2844 627 2888 et
656 2840 822 2904 impia
848 2840 1154 2905 suspicione
1180 2838 1492 2905 procedunt.

392 2923 484 2973 Ad
522 2938 585 2987 41
632 2923 1068 2990 respondendum
1108 2924 1250 2990 quod
1291 2925 1522 2975 scienter
1560 2941 1670 2974 non
1711 2923 1978 2988 recipiunt
2012 2921 2116 2970 nisi
2144 2918 2215 2969 ab

277 3009 384 3058 hiis
429 3011 519 3075 qui
558 3009 626 3060 de
663 3011 801 3060 iuste
840 3011 1113 3076 acquisitis
1164 3009 1489 3061 elemosinas
1541 3009 1716 3060 facere
1754 3014 2011 3073 possunt3
2065 3005 2213 3072 quod

275 3112 407 3145 vero
445 3096 752 3161 importune
789 3102 977 3162 petant
1017 3113 1127 3146 non
1167 3097 1296 3146 satis
1335 3102 1574 3162 apparet,
1621 3111 1745 3144 cum
1790 3093 1963 3143 solum
2010 3091 2214 3141 miseri-

275 3180 456 3230 cordie
494 3179 709 3231 titulum
750 3182 1102 3247 pretendant;
1147 3190 1201 3232 et
1240 3189 1420 3232 utrum
1459 3181 1786 3246 voluptuose
1825 3180 2009 3227 vivant
2061 3177 2213 3227 novit

279 3267 370 3316 ille
395 3268 484 3331 qui
514 3266 750 3317 laborem
778 3275 831 3317 et
857 3266 1099 3318 dolorem
1126 3266 1456 3317 considerat:
1497 3265 1644 3332 quod
1670 3273 1852 3315 autem
1892 3265 1945 3313 in
1985 3262 2213 3313 edificiis

278 3352 565 3413 excedant,
594 3353 925 3419 arguendum
955 3354 1146 3414 iudico,
1173 3353 1268 3402 sed
1295 3369 1402 3403 non
1429 3352 1497 3402 ab
1524 3351 1617 3401 illo
1644 3367 1808 3416 quem
1848 3352 1958 3400 vita
1999 3348 2216 3399 infamis

281 3445 339 3489 et
362 3439 564 3489 heresis
589 3439 882 3489 ostendunt
908 3455 1001 3504 pre
1026 3439 1144 3488 aliis
1171 3437 1708 3504 condempnandum.

394 3523 486 3574 Ad
524 3537 593 3587 42
633 3541 728 3590 per
768 3525 1240 3591 interemptionem
1279 3521 1713 3590 respondendum
1754 3521 1897 3587 quod
1938 3538 2044 3571 non
2092 3526 2217 3570 sunt

285 3610 442 3675 egeni
469 3612 655 3671 coacti,
683 3612 773 3676 qui
801 3618 1099 3676 egestatem
1127 3626 1223 3675 pro
1258 3609 1502 3659 Domino
1541 3608 1915 3674 promiserunt,
1943 3615 1996 3656 et
2027 3622 2216 3673 quam-
